%% This BibTeX bibliography file was created using BibDesk.
%% http://bibdesk.sourceforge.net/
@article{Wald:1979kp,
    author = "Wald, Robert M.",
    title = "{On the Euclidean Approach to Quantum Field Theory in Curved Space-time}",
    doi = "10.1007/BF01200053",
    journal = "Commun. Math. Phys.",
    volume = "70",
    pages = "221--242",
    year = "1979"
}

@article{Gibbons:1978ac,
    author = "Gibbons, G. W. and Hawking, S. W. and Perry, M. J.",
    title = "{Path Integrals and the Indefiniteness of the Gravitational Action}",
    reportNumber = "PRINT-78-0375 (CAMBRIDGE)",
    doi = "10.1016/0550-3213(78)90161-X",
    journal = "Nucl. Phys. B",
    volume = "138",
    pages = "141--150",
    year = "1978"
}

@article{Parikh:1999mf,
    author = "Parikh, Maulik K. and Wilczek, Frank",
    title = "{Hawking radiation as tunneling}",
    eprint = "hep-th/9907001",
    archivePrefix = "arXiv",
    reportNumber = "PUPT-1775, SPIN-1998-12, IASSNS-HEP-98-22",
    doi = "10.1103/PhysRevLett.85.5042",
    journal = "Phys. Rev. Lett.",
    volume = "85",
    pages = "5042--5045",
    year = "2000"
}

@manual{sagemath,
  Key          = {SageMath},
  Author       = {{The Sage Developers}},
  Title        = {{S}ageMath, the {S}age {M}athematics {S}oftware {S}ystem ({V}ersion x.y.z)},
  note         = {{\tt https://www.sagemath.org}},
  Year         = {YYYY},
}

@mastersthesis{Gubser:1998ex,
    author = "Gubser, Steven Scott",
    title = "{Dynamics of D-brane black holes}",
    eprint = "hep-th/9908004",
    archivePrefix = "arXiv",
    reportNumber = "UMI-98-33105",
    type = "Other thesis",
    year = "1998"
}

@article{Maldacena:1996ix,
    author = "Maldacena, Juan Martin and Strominger, Andrew",
    title = "{Black hole grey body factors and d-brane spectroscopy}",
    eprint = "hep-th/9609026",
    archivePrefix = "arXiv",
    reportNumber = "RU-96-78",
    doi = "10.1103/PhysRevD.55.861",
    journal = "Phys. Rev. D",
    volume = "55",
    pages = "861--870",
    year = "1997"
}


@article{Polchinski:1995mt,
    author = "Polchinski, Joseph",
    title = "{Dirichlet Branes and Ramond-Ramond charges}",
    eprint = "hep-th/9510017",
    archivePrefix = "arXiv",
    reportNumber = "NSF-ITP-95-122",
    doi = "10.1103/PhysRevLett.75.4724",
    journal = "Phys. Rev. Lett.",
    volume = "75",
    pages = "4724--4727",
    year = "1995"
}

@article{Strominger:1996sh,
    author = "Strominger, Andrew and Vafa, Cumrun",
    title = "{Microscopic origin of the Bekenstein-Hawking entropy}",
    eprint = "hep-th/9601029",
    archivePrefix = "arXiv",
    reportNumber = "HUTP-96-A002, RU-96-01",
    doi = "10.1016/0370-2693(96)00345-0",
    journal = "Phys. Lett. B",
    volume = "379",
    pages = "99--104",
    year = "1996"
}

@article{tHooft:1993dmi,
    author = "'t Hooft, Gerard",
    title = "{Dimensional reduction in quantum gravity}",
    eprint = "gr-qc/9310026",
    archivePrefix = "arXiv",
    reportNumber = "THU-93-26",
    journal = "Conf. Proc. C",
    volume = "930308",
    pages = "284--296",
    year = "1993"
}

@article{Susskind:1994vu,
    author = "Susskind, Leonard",
    title = "{The World as a hologram}",
    eprint = "hep-th/9409089",
    archivePrefix = "arXiv",
    reportNumber = "SU-ITP-94-33",
    doi = "10.1063/1.531249",
    journal = "J. Math. Phys.",
    volume = "36",
    pages = "6377--6396",
    year = "1995"
}

@article{Witten:1998qj,
    author = "Witten, Edward",
    title = "{Anti-de Sitter space and holography}",
    eprint = "hep-th/9802150",
    archivePrefix = "arXiv",
    reportNumber = "IASSNS-HEP-98-15",
    doi = "10.4310/ATMP.1998.v2.n2.a2",
    journal = "Adv. Theor. Math. Phys.",
    volume = "2",
    pages = "253--291",
    year = "1998"
}

@article{Hawking:1976ra,
    author = "Hawking, S.W.",
    title = "{Breakdown of Predictability in Gravitational Collapse}",
    doi = "10.1103/PhysRevD.14.2460",
    journal = "Phys. Rev. D",
    volume = "14",
    pages = "2460--2473",
    year = "1976"
}

@article{Einstein:1915bz,
    author = "Einstein, Albert",
    title = "{Explanation of the Perihelion Motion of Mercury from the General Theory of Relativity}",
    journal = "Sitzungsber. Preuss. Akad. Wiss. Berlin (Math. Phys. )",
    volume = "1915",
    pages = "831--839",
    year = "1915"
}

@article{Einstein:1915ca,
    author = "Einstein, Albert",
    title = "{The Field Equations of Gravitation}",
    journal = "Sitzungsber. Preuss. Akad. Wiss. Berlin (Math. Phys. )",
    volume = "1915",
    pages = "844--847",
    year = "1915"
}

@article{Einstein:1914bx,
    author = "Einstein, Albert",
    title = "{The Formal Foundation of the General Theory of Relativity}",
    journal = "Sitzungsber. Preuss. Akad. Wiss. Berlin (Math. Phys. )",
    volume = "1914",
    pages = "1030--1085",
    year = "1914"
}

@article{Einstein:1905ve,
    author = "Einstein, Albert",
    title = "{On the electrodynamics of moving bodies}",
    doi = "10.1002/andp.200590006",
    journal = "Annalen Phys.",
    volume = "17",
    pages = "891--921",
    year = "1905"
}

@article{Abbott:2016blz,
    author = "Abbott, B.P. and others",
    collaboration = "LIGO Scientific, Virgo",
    title = "{Observation of Gravitational Waves from a Binary Black Hole Merger}",
    eprint = "1602.03837",
    archivePrefix = "arXiv",
    primaryClass = "gr-qc",
    reportNumber = "LIGO-P150914",
    doi = "10.1103/PhysRevLett.116.061102",
    journal = "Phys. Rev. Lett.",
    volume = "116",
    number = "6",
    pages = "061102",
    year = "2016"
}

@article{Akiyama:2019cqa,
    author = "Akiyama, Kazunori and others",
    collaboration = "Event Horizon Telescope",
    title = "{First M87 Event Horizon Telescope Results. I. The Shadow of the Supermassive Black Hole}",
    eprint = "1906.11238",
    archivePrefix = "arXiv",
    primaryClass = "astro-ph.GA",
    doi = "10.3847/2041-8213/ab0ec7",
    journal = "Astrophys. J.",
    volume = "875",
    number = "1",
    pages = "L1",
    year = "2019"
}

@article{Skenderis_2002,
   title={Lecture notes on holographic renormalization},
   volume={19},
   ISSN={0264-9381},
   url={http://dx.doi.org/10.1088/0264-9381/19/22/306},
   DOI={10.1088/0264-9381/19/22/306},
   number={22},
   journal={Classical and Quantum Gravity},
   publisher={IOP Publishing},
   author={Skenderis, Kostas},
   year={2002},
   month={Nov},
   pages={5849–5876}
}


@article{Emparan_1999,
   title={Surface terms as counterterms in the AdS-CFT correspondence},
   volume={60},
   ISSN={1089-4918},
   url={http://dx.doi.org/10.1103/PhysRevD.60.104001},
   DOI={10.1103/physrevd.60.104001},
   number={10},
   journal={Physical Review D},
   publisher={American Physical Society (APS)},
   author={Emparan, Roberto and Johnson, Clifford V. and Myers, Robert C.},
   year={1999},
   month={Oct}
}

@article{Wigner:1939cj,
    author = "Wigner, Eugene P.",
    editor = "Kim, Y.S. and Zachary, W.W.",
    title = "{On Unitary Representations of the Inhomogeneous Lorentz Group}",
    doi = "10.2307/1968551",
    journal = "Annals Math.",
    volume = "40",
    pages = "149--204",
    year = "1939"
}

@book{besse1987einstein,
  title={Einstein Manifolds},
  author={Besse, A.L.},
  isbn={9783540152798},
  lccn={86015411},
  series={Classics in mathematics},
  url={https://books.google.co.uk/books?id=6I\_XgRJaBL0C},
  year={1987},
  publisher={Springer}
}


@article{Haag:1974qh,
    author = "Haag, Rudolf and Lopuszanski, Jan T. and Sohnius, Martin",
    title = "{All Possible Generators of Supersymmetries of the s Matrix}",
    reportNumber = "Print-74-1630 (KARLSRUHE)",
    doi = "10.1016/0550-3213(75)90279-5",
    journal = "Nucl. Phys. B",
    volume = "88",
    pages = "257",
    year = "1975"
}

@article{Sen:1994fa,
    author = "Sen, Ashoke",
    title = "{Strong - weak coupling duality in four-dimensional string theory}",
    eprint = "hep-th/9402002",
    archivePrefix = "arXiv",
    reportNumber = "TIFR-TH-94-03",
    doi = "10.1142/S0217751X94001497",
    journal = "Int. J. Mod. Phys. A",
    volume = "9",
    pages = "3707--3750",
    year = "1994"
}

@article{Cortes:2011aj,
    author = "Cortes, V. and Mohaupt, T. and Xu, H.",
    title = "{Completeness in supergravity constructions}",
    eprint = "1101.5103",
    archivePrefix = "arXiv",
    primaryClass = "hep-th",
    reportNumber = "LTH-905",
    doi = "10.1007/s00220-012-1443-x",
    journal = "Commun. Math. Phys.",
    volume = "311",
    pages = "191--213",
    year = "2012"
}

@article{VicenteCortes2002,
abstract = {A holomorphic representation formula for special parabolic hyperspheres is given.},
author = {Vicente Cortés},
journal = {Banach Center Publications},
keywords = {improper affine hyperspheres; compatible almost complex structure; special Kähler manifolds},
language = {eng},
number = {1},
pages = {11-16},
title = {A holomorphic representation formula for parabolic hyperspheres},
url = {http://eudml.org/doc/282020},
volume = {57},
year = {2002},
}

@book{da2008lectures,
  title={Lectures on symplectic geometry},
  author={Da Silva, Ana Cannas},
  publisher={Springer},
  year={2008}
}

@book{Nakahara:206619,
      author        = "Nakahara, Mikio",
      title         = "{Geometry, topology and physics}",
      publisher     = "Hilger",
      address       = "Bristol",
      series        = "Graduate student series in physics",
      year          = "1990",
      url           = "https://cds.cern.ch/record/206619",
}

@book{Hodge:book,
   title =     {The theory and applications of harmonic integrals},
   author =    {W. V. D. Hodge},
   publisher = {Cambridge University Press},
   isbn =      {9780521358811,0521358817},
   year =      {1989},
   series =    {Cambridge Mathematical Library},
   edition =   {},
   volume =    {},
   url =       {}
 }

@book{Sethna:2006,
  added-at = {2010-04-28T12:11:14.000+0200},
  address = {Great Clarendon Street, Oxford OX2 6DP},
  author = {Sethna, James P.},
  biburl = {https://www.bibsonomy.org/bibtex/258e355d90e36ca89b19ad65717812a4e/m_aster},
  edition = {first edition},
  interhash = {0c7562fe95222f8ac535d40205d3c287},
  intrahash = {58e355d90e36ca89b19ad65717812a4e},
  keywords = {awm2010 awmhadoop complexity entropy sethna},
  publisher = {Oxford University Press},
  timestamp = {2010-05-26T22:16:45.000+0200},
  title = {Statistical Mechanics: Entropy, Order Parameters and Complexity },
  year = 2006
}

@article{arnoldcontact,
    author = "Arnold, V.I.",
    title = "{Contact geometry: the geometrical method of Gibbs's thermodynamics}",
    note = "Proceedings of the Gibbs Symposium",
    journal = "Amer. Math. Soc."
    pages = "163–179",
    year = "1989"
}


@article{Bravetti:2018rts,
    author = "Bravetti, Alessandro",
    title = "{Contact geometry and thermodynamics}",
    doi = "10.1142/S0219887819400036",
    journal = "Int. J. Geom. Meth. Mod. Phys.",
    volume = "16",
    number = "supp01",
    pages = "1940003",
    year = "2018"
}

@article{Dijkgraaf:2016lym,
    author = "Dijkgraaf, Robbert and Heidenreich, Ben and Jefferson, Patrick and Vafa, Cumrun",
    title = "{Negative Branes, Supergroups and the Signature of Spacetime}",
    eprint = "1603.05665",
    archivePrefix = "arXiv",
    primaryClass = "hep-th",
    doi = "10.1007/JHEP02(2018)050",
    journal = "JHEP",
    volume = "02",
    pages = "050",
    year = "2018"
}

@article{Araya:2015fva,
    author = "Araya, Ignacio J. and Bars, Itzhak and James, Albin",
    title = "{Journey Beyond the Schwarzschild Black Hole Singularity}",
    eprint = "1510.03396",
    archivePrefix = "arXiv",
    primaryClass = "hep-th",
    month = "10",
    year = "2015"
}

@article{Horowitz:1993wt,
    author = "Horowitz, Gary T. and Welch, Dean L.",
    title = "{Duality invariance of the Hawking temperature and entropy}",
    eprint = "hep-th/9308077",
    archivePrefix = "arXiv",
    reportNumber = "NSF-ITP-93-89",
    doi = "10.1103/PhysRevD.49.R590",
    journal = "Phys. Rev. D",
    volume = "49",
    pages = "590--594",
    year = "1994"
}

@article{Arvanitakis:2016zes,
    author = "Arvanitakis, Alex S. and Blair, Chris D. A.",
    title = "{Black hole thermodynamics, stringy dualities and double field theory}",
    eprint = "1608.04734",
    archivePrefix = "arXiv",
    primaryClass = "hep-th",
    reportNumber = "DAMTP-2016-55",
    doi = "10.1088/1361-6382/aa5a59",
    journal = "Class. Quant. Grav.",
    volume = "34",
    number = "5",
    pages = "055001",
    year = "2017"
}

@article{Rocek:1991ps,
    author = "Rocek, Martin and Verlinde, Erik P.",
    title = "{Duality, quotients, and currents}",
    eprint = "hep-th/9110053",
    archivePrefix = "arXiv",
    reportNumber = "IASSNS-HEP-91-68, ITP-SB-91-53",
    doi = "10.1016/0550-3213(92)90269-H",
    journal = "Nucl. Phys. B",
    volume = "373",
    pages = "630--646",
    year = "1992"
}

@article{Manko:2018yrc,
    author = "Manko, V.S. and Ruiz, E.",
    title = "{Black hole-naked singularity dualism and the repulsion of two Kerr black holes due to spin-spin interaction}",
    eprint = "1803.03301",
    archivePrefix = "arXiv",
    primaryClass = "gr-qc",
    doi = "10.1016/j.physletb.2019.02.025",
    journal = "Phys. Lett. B",
    volume = "791",
    pages = "26--29",
    year = "2019"
}

@article{Rinaldi:2002tc,
    author = "Rinaldi, Massimiliano",
    title = "{Toroidal black holes and T duality}",
    eprint = "hep-th/0208026",
    archivePrefix = "arXiv",
    doi = "10.1016/S0370-2693(02)02739-9",
    journal = "Phys. Lett. B",
    volume = "547",
    pages = "95--99",
    year = "2002"
}

@article{Sabra:2020gio,
	Archiveprefix = {arXiv},
	Author = {Sabra, W.A.},
	Eprint = {2005.03953},
	Month = {5},
	Primaryclass = {hep-th},
	Title = {{Kasner Branes with Arbitrary Signature}},
	Year = {2020}}
	
@article{Gutowski:2019hnl,
	Archiveprefix = {arXiv},
	Author = {Gutowski, J. B. and Sabra, Wafic},
	Date-Added = {2020-07-24 12:26:55 +0100},
	Date-Modified = {2020-07-24 12:26:55 +0100},
	Eprint = {1905.01910},
	Primaryclass = {hep-th},
	Reportnumber = {DMUS-MP-19-07},
	Slaccitation = {%%CITATION = ARXIV:1905.01910;%%},
	Title = {{Real Killing Spinors in Neutral Signature}},
	Year = {2019}}
	
@article{Klemm:2015mga,
	Archiveprefix = {arXiv},
	Author = {Klemm, Dietmar and Nozawa, Masato},
	Date-Added = {2020-07-24 12:26:08 +0100},
	Date-Modified = {2020-07-24 12:26:08 +0100},
	Doi = {10.1088/0264-9381/32/18/185012},
	Eprint = {1504.02710},
	Journal = {Class. Quant. Grav.},
	Number = {18},
	Pages = {185012},
	Primaryclass = {hep-th},
	Reportnumber = {IFUM-1037-FT},
	Slaccitation = {%%CITATION = ARXIV:1504.02710;%%},
	Title = {{Geometry of Killing spinors in neutral signature}},
	Volume = {32},
	Year = {2015},
	Bdsk-Url-1 = {https://doi.org/10.1088/0264-9381/32/18/185012}}
	
@article{Sabra:2015vca,
	Archiveprefix = {arXiv},
	Author = {Sabra, W. A.},
	Date-Added = {2020-07-24 10:44:07 +0100},
	Date-Modified = {2020-07-24 10:44:07 +0100},
	Doi = {10.1016/j.physletb.2015.09.025},
	Eprint = {1507.04597},
	Journal = {Phys. Lett.},
	Pages = {237-241},
	Primaryclass = {hep-th},
	Slaccitation = {%%CITATION = ARXIV:1507.04597;%%},
	Title = {{Phantom Metrics With Killing Spinors}},
	Volume = {B750},
	Year = {2015},
	Bdsk-Url-1 = {https://doi.org/10.1016/j.physletb.2015.09.025}}
	
@article{Vaidya:1951zz,
    author = "Vaidya, P.",
    title = "{The Gravitational Field of a Radiating Star}",
    journal = "Proc. Natl. Inst. Sci. India A",
    volume = "33",
    pages = "264",
    year = "1951"
}

@article{Ellis:2013dla,
    author = "Ellis, George F.R. and Goswami, Rituparno",
    editor = "Garc\'\i{}a-Parrado, Alfonso and Mena, Filipe C. and Moura, Filipe and Vaz, Estelita",
    title = "{Variations on Birkhoff`s theorem}",
    eprint = "1304.3253",
    archivePrefix = "arXiv",
    primaryClass = "gr-qc",
    doi = "10.1007/s10714-013-1568-z",
    journal = "Gen. Rel. Grav.",
    volume = "45",
    pages = "2123--2142",
    year = "2013"
}

@article{Hartnoll:2007ih,
    author = "Hartnoll, Sean A. and Kovtun, Pavel K. and Muller, Markus and Sachdev, Subir",
    title = "{Theory of the Nernst effect near quantum phase transitions in condensed matter, and in dyonic black holes}",
    eprint = "0706.3215",
    archivePrefix = "arXiv",
    primaryClass = "cond-mat.str-el",
    reportNumber = "NSF-KITP-07-144",
    doi = "10.1103/PhysRevB.76.144502",
    journal = "Phys. Rev. B",
    volume = "76",
    pages = "144502",
    year = "2007"
}

@article{Wald:1997qp,
    author = "Wald, Robert M.",
    title = "{The 'Nernst theorem' and black hole thermodynamics}",
    eprint = "gr-qc/9704008",
    archivePrefix = "arXiv",
    doi = "10.1103/PhysRevD.56.6467",
    journal = "Phys. Rev. D",
    volume = "56",
    pages = "6467--6474",
    year = "1997"
}

@article{DHoker:2009ixq,
    author = "D'Hoker, Eric and Kraus, Per",
    title = "{Charged Magnetic Brane Solutions in AdS (5) and the fate of the third law of thermodynamics}",
    eprint = "0911.4518",
    archivePrefix = "arXiv",
    primaryClass = "hep-th",
    doi = "10.1007/JHEP03(2010)095",
    journal = "JHEP",
    volume = "03",
    pages = "095",
    year = "2010"
}

@article{Page:1976ki,
    author = "Page, Don N.",
    title = "{Particle Emission Rates from a Black Hole. 2. Massless Particles from a Rotating Hole}",
    doi = "10.1103/PhysRevD.14.3260",
    journal = "Phys. Rev. D",
    volume = "14",
    pages = "3260--3273",
    year = "1976"
}

@article{Tod:1983pm,
    author = "Tod, K.p.",
    title = "{All Metrics Admitting Supercovariantly Constant Spinors}",
    doi = "10.1016/0370-2693(83)90797-9",
    journal = "Phys. Lett. B",
    volume = "121",
    pages = "241--244",
    year = "1983"
}

@article{Maldacena:1997re,
    author = "Maldacena, Juan Martin",
    title = "{The Large N limit of superconformal field theories and supergravity}",
    eprint = "hep-th/9711200",
    archivePrefix = "arXiv",
    reportNumber = "HUTP-97-A097, HUTP-98-A097",
    doi = "10.1023/A:1026654312961",
    journal = "Int. J. Theor. Phys.",
    volume = "38",
    pages = "1113--1133",
    year = "1999"
}

@article{Tangherlini:1963bw,
    author = "Tangherlini, F.R.",
    title = "{Schwarzschild field in n dimensions and the dimensionality of space problem}",
    doi = "10.1007/BF02784569",
    journal = "Nuovo Cim.",
    volume = "27",
    pages = "636--651",
    year = "1963"
}

@article{Dabholkar:2004yr,
    author = "Dabholkar, Atish",
    title = "{Exact counting of black hole microstates}",
    eprint = "hep-th/0409148",
    archivePrefix = "arXiv",
    reportNumber = "SLAC-PUB-10717, SU-ITP-04-36, TIFR-TH-04-23",
    doi = "10.1103/PhysRevLett.94.241301",
    journal = "Phys. Rev. Lett.",
    volume = "94",
    pages = "241301",
    year = "2005"
}

@phdthesis{Maldacena:1996ky,
    author = "Maldacena, Juan Martin",
    title = "{Black holes in string theory}",
    eprint = "hep-th/9607235",
    archivePrefix = "arXiv",
    reportNumber = "UMI-96-27605",
    school = "Princeton U.",
    year = "1996"
}

@book{Behrndt,
    author = "Behrndt, Klaus",
    title = "{From Black Holes to D Branes}",
    publisher = "Unpublished, based off lectures given in Berlin 1996/1997"
}

@article{Brinkmann1925,
	author = {Brinkmann, H.W.},
	journal = {Mathematische Annalen},
	pages = {119-145},
	title = {Einstein spaces which are mapped conformally on each other},
	url = {http://eudml.org/doc/159101},
	volume = {94},
	year = {1925},
}

@article{osti:1963,
	title = {Empty-Space Generalization of the Schwarzschild Metric},
	author = {Newman, E. and Tamburino, L. and Unti, T.},
	abstractNote = {A new class of empty-space metrics is obtained, one member of this class being a natural generalization of the Schwarzschild metric. This latter metric contains one arbitrary parameter in addition to the mass. The entire class is the set of metrics that are algebraically specialized (contain multiple-principle null vectors) such that the propagation vector is not proportional to a gradient. These metrics belong to the Petrov class type I degenerate. (auth) (auth)},
	doi = {10.1063/1.1704018},
	journal = {Journal of Mathematical Physics},
	issn = {0022-2488},
	number = 7,
	volume = 4,
	place = {Country unknown/Code not available},
	year = {1963},
	month = {1}
}

@article{Han:1984ze,
    author = "Han, Seung Kee and Koh, I.G.",
    title = "{$N=4$ Remaining Supersymmetry in {Kaluza-Klein} Monopole Background in $D=11$ Supergravity Theory}",
    reportNumber = "Sogang-HEP-111",
    doi = "10.1103/PhysRevD.31.2503",
    journal = "Phys. Rev. D",
    volume = "31",
    pages = "2503",
    year = "1985"
}

@article{Sorkin:1987,
  title = {Kaluza-Klein Monopole},
  author = {Sorkin, Rafael D.},
  journal = {Phys. Rev. Lett.},
  volume = {51},
  issue = {2},
  pages = {87--90},
  numpages = {0},
  year = {1983},
  month = {Jul},
  publisher = {American Physical Society},
  doi = {10.1103/PhysRevLett.51.87},
  url = {https://link.aps.org/doi/10.1103/PhysRevLett.51.87}
}

@article{Gueven:1992hh,
    author = "Gueven, Rahmi",
    title = "{Black p-brane solutions of D = 11 supergravity theory}",
    doi = "10.1016/0370-2693(92)90540-K",
    journal = "Phys. Lett. B",
    volume = "276",
    pages = "49--55",
    year = "1992"
}

@article{Duff:1990xz,
    author = "Duff, M.J. and Stelle, K.S.",
    title = "{Multimembrane solutions of D = 11 supergravity}",
    reportNumber = "CTP-TAMU-72-90, IMPERIAL-TP-89-90-34",
    doi = "10.1016/0370-2693(91)91371-2",
    journal = "Phys. Lett. B",
    volume = "253",
    pages = "113--118",
    year = "1991"
}

@article{Aichelburg:1970dh,
    author = "Aichelburg, P.C. and Sexl, R.U.",
    title = "{On the Gravitational field of a massless particle}",
    doi = "10.1007/BF00758149",
    journal = "Gen. Rel. Grav.",
    volume = "2",
    pages = "303--312",
    year = "1971"
}

@article{Gibbons:1994vm,
    author = "Gibbons, G.W. and Horowitz, Gary T. and Townsend, P.K.",
    title = "{Higher dimensional resolution of dilatonic black hole singularities}",
    eprint = "hep-th/9410073",
    archivePrefix = "arXiv",
    reportNumber = "DAMTP-R-94-28, UCSBTH-94-35",
    doi = "10.1088/0264-9381/12/2/004",
    journal = "Class. Quant. Grav.",
    volume = "12",
    pages = "297--318",
    year = "1995"
}

@article{Duff:1996aw,
    author = "Duff, M.J.",
    title = "{M theory (The Theory formerly known as strings)}",
    eprint = "hep-th/9608117",
    archivePrefix = "arXiv",
    reportNumber = "CTP-TAMU-33-96",
    doi = "10.1142/S0217751X96002583",
    journal = "Int. J. Mod. Phys. A",
    volume = "11",
    pages = "5623--5642",
    year = "1996"
}

@article{Duff:1993ye,
    author = "Duff, M.J. and Lu, J.X.",
    title = "{Black and super p-branes in diverse dimensions}",
    eprint = "hep-th/9306052",
    archivePrefix = "arXiv",
    reportNumber = "CERN-TH-6675-93, CTP-TAMU-54-92",
    doi = "10.1016/0550-3213(94)90586-X",
    journal = "Nucl. Phys. B",
    volume = "416",
    pages = "301--334",
    year = "1994"
}

@book{Becker:2007zj,
    author = "Becker, K. and Becker, M. and Schwarz, J.H.",
    title = "{String theory and M-theory: A modern introduction}",
    isbn = "978-0-511-25486-4, 978-0-521-86069-7",
    publisher = "Cambridge University Press",
    month = "12",
    year = "2006"
}

@article{Schwarz:1998tz,
    author = "Schwarz, John H.",
    editor = "Caldwell, David O.",
    title = "{From superstrings to M theory}",
    eprint = "gr-qc/9812029",
    archivePrefix = "arXiv",
    reportNumber = "CALT-68-2207",
    doi = "10.1063/1.59438",
    journal = "AIP Conf. Proc.",
    volume = "478",
    number = "1",
    pages = "85--91",
    year = "1999"
}

@inproceedings{DHoker:2002nbb,
    author = "D'Hoker, Eric and Freedman, Daniel Z.",
    title = "{Supersymmetric gauge theories and the AdS / CFT correspondence}",
    booktitle = "{Theoretical Advanced Study Institute in Elementary Particle Physics (TASI 2001): Strings, Branes and EXTRA Dimensions}",
    eprint = "hep-th/0201253",
    archivePrefix = "arXiv",
    reportNumber = "UCLA-02-TEP-3, MIT-CTP-3242",
    pages = "3--158",
    month = "1",
    year = "2002"
}

@article{Witten:1995ex,
    author = "Witten, Edward",
    title = "{String theory dynamics in various dimensions}",
    eprint = "hep-th/9503124",
    archivePrefix = "arXiv",
    reportNumber = "IASSNS-HEP-95-18",
    doi = "10.1016/0550-3213(95)00158-O",
    journal = "Nucl. Phys. B",
    volume = "443",
    pages = "85--126",
    year = "1995"
}

@article{Townsend:1995kk,
    author = "Townsend, P.K.",
    title = "{The eleven-dimensional supermembrane revisited}",
    eprint = "hep-th/9501068",
    archivePrefix = "arXiv",
    reportNumber = "DAMTP-R-95-2",
    doi = "10.1016/0370-2693(95)00397-4",
    journal = "Phys. Lett. B",
    volume = "350",
    pages = "184--187",
    year = "1995"
}

@article{holt_2006, 
	title={Unstrung}, 
	url={https://www.newyorker.com/magazine/2006/10/02/unstrung-2}, 
	journal={The New Yorker}, 
	publisher={The New Yorker}, 
	author={Holt, Jim}, 
	year={2006}, 
	month={Oct}}

@article{Candelas:1985en,
    author = "Candelas, P. and Horowitz, Gary T. and Strominger, Andrew and Witten, Edward",
    title = "{Vacuum Configurations for Superstrings}",
    reportNumber = "NSF-ITP-84-170",
    doi = "10.1016/0550-3213(85)90602-9",
    journal = "Nucl. Phys. B",
    volume = "258",
    pages = "46--74",
    year = "1985"
}

@article{Gross:1985fr,
    author = "Gross, David J. and Harvey, Jeffrey A. and Martinec, Emil J. and Rohm, Ryan",
    title = "{Heterotic String Theory. 1. The Free Heterotic String}",
    reportNumber = "PRINT-85-0203 (PRINCETON)",
    doi = "10.1016/0550-3213(85)90394-3",
    journal = "Nucl. Phys. B",
    volume = "256",
    pages = "253",
    year = "1985"
}

@article{Gross:1985rr,
    author = "Gross, David J. and Harvey, Jeffrey A. and Martinec, Emil J. and Rohm, Ryan",
    title = "{Heterotic String Theory. 2. The Interacting Heterotic String}",
    reportNumber = "Print-85-0694 (PRINCETON)",
    doi = "10.1016/0550-3213(86)90146-X",
    journal = "Nucl. Phys. B",
    volume = "267",
    pages = "75--124",
    year = "1986"
}

@article{Green:1981yb,
    author = "Green, Michael B. and Schwarz, John H.",
    title = "{Supersymmetrical String Theories}",
    reportNumber = "CALT-68-874",
    doi = "10.1016/0370-2693(82)91110-8",
    journal = "Phys. Lett. B",
    volume = "109",
    pages = "444--448",
    year = "1982"
}

@book{Cappelli:2012cto,
    editor = "Cappelli, Andrea and Castellani, Elena and Colomo, Filippo and Di Vecchia, Paolo",
    title = "{The birth of string theory}",
    isbn = "978-0-521-19790-8, 978-1-139-36811-7, 978-0-521-19790-8",
    publisher = "Cambridge Univ. Press",
    address = "Cambridge, UK",
    month = "5",
    year = "2012"
}

@article{Green:1984sg,
    author = "Green, Michael B. and Schwarz, John H.",
    title = "{Anomaly Cancellation in Supersymmetric D=10 Gauge Theory and Superstring Theory}",
    reportNumber = "CALT-68-1182",
    doi = "10.1016/0370-2693(84)91565-X",
    journal = "Phys. Lett. B",
    volume = "149",
    pages = "117--122",
    year = "1984"
}

@inproceedings{Peet:2000hn,
    author = "Peet, Amanda W.",
    title = "{TASI lectures on black holes in string theory}",
    booktitle = "{Theoretical Advanced Study Institute in Elementary Particle Physics (TASI 99): Strings, Branes, and Gravity}",
    eprint = "hep-th/0008241",
    archivePrefix = "arXiv",
    reportNumber = "UTPT-00-10, NSF-ITP-99-145",
    doi = "10.1142/9789812799630_0003",
    pages = "353--433",
    month = "8",
    year = "2000"
}

@inproceedings{Stelle:1998xg,
    author = "Stelle, K.S.",
    title = "{BPS branes in supergravity}",
    booktitle = "{ICTP Summer School in High-energy Physics and Cosmology}",
    eprint = "hep-th/9803116",
    archivePrefix = "arXiv",
    reportNumber = "CERN-TH-98-80, IMPERIAL-TP-97-98-30",
    month = "3",
    year = "1998"
}

@book{Horowitz:2012nnc,
    editor = "Horowitz, Gary T.",
    title = "{Black holes in higher dimensions}",
    isbn = "978-1-107-01345-2",
    publisher = "Cambridge Univ. Pr.",
    address = "Cambridge, UK",
    year = "2012"
}

@article{Youm:1997hw,
    author = "Youm, Donam",
    title = "{Black holes and solitons in string theory}",
    eprint = "hep-th/9710046",
    archivePrefix = "arXiv",
    reportNumber = "IASSNS-HEP-97-100",
    doi = "10.1016/S0370-1573(99)00037-X",
    journal = "Phys. Rept.",
    volume = "316",
    pages = "1--232",
    year = "1999"
}

@inproceedings{Duff:1999rk,
    author = "Duff, M.J.",
    title = "{TASI lectures on branes, black holes and Anti-de Sitter space}",
    booktitle = "{9th CRM Summer School: Theoretical Physics at the End of the 20th Century}",
    eprint = "hep-th/9912164",
    archivePrefix = "arXiv",
    reportNumber = "UM-TH-99-07",
    pages = "3--125",
    month = "12",
    year = "1999"
}

@article{Mohaupt:2008gt,
    author = "Mohaupt, Thomas",
    editor = "Bellucci, Stefano",
    title = "{From Special Geometry to Black Hole Partition Functions}",
    eprint = "0812.4239",
    archivePrefix = "arXiv",
    primaryClass = "hep-th",
    reportNumber = "LTH-817",
    doi = "10.1007/978-3-642-10736-8_4",
    journal = "Springer Proc. Phys.",
    volume = "134",
    pages = "165--241",
    year = "2010"
}

@inproceedings{Horowitz:1992jp,
    author = "Horowitz, Gary T.",
    title = "{The dark side of string theory: Black holes and black strings.}",
    eprint = "hep-th/9210119",
    archivePrefix = "arXiv",
    reportNumber = "UCSBTH-92-32",
    month = "10",
    year = "1992"
}

@article{Horne:1992bi,
    author = "Horne, James H. and Horowitz, Gary T.",
    title = "{Black holes coupled to a massive dilaton}",
    eprint = "hep-th/9210012",
    archivePrefix = "arXiv",
    reportNumber = "UCSBTH-92-17",
    doi = "10.1016/0550-3213(93)90621-U",
    journal = "Nucl. Phys. B",
    volume = "399",
    pages = "169--196",
    year = "1993"
}

@book{Polchinski:1998rr,
    author = "Polchinski, J.",
    title = "{String theory. Vol. 2: Superstring theory and beyond}",
    doi = "10.1017/CBO9780511618123",
    isbn = "978-0-511-25228-0, 978-0-521-63304-8, 978-0-521-67228-3",
    publisher = "Cambridge University Press",
    series = "Cambridge Monographs on Mathematical Physics",
    month = "12",
    year = "2007"
}

@misc{thirdpaper,
	author = "Médevielle, M. and Mohaupt, T. and Pope, G.", 
	title = "{Timelike T-duality for type-II/II* compactifications on Calabi-Yau threefolds and the black hole/cosmology correspondence}",
	year = "{work in progress}",
}


@article{Gutowski:2020fzb,
    author = "Gutowski, J. and Mohaupt, T. and Pope, G.",
    title = "{Cosmological Solutions, a New Wick-Rotation, and the First Law of Thermodynamics}",
    eprint = "2008.06929",
    archivePrefix = "arXiv",
    primaryClass = "hep-th",
    reportNumber = "DMUS--MP--20/07, LTH 1241",
    doi = "10.1007/JHEP03(2021)293",
    journal = "JHEP",
    volume = "03",
    pages = "293",
    year = "2021"
}

@article{Veneziano:1968yb,
    author = "Veneziano, G.",
    title = "{Construction of a crossing - symmetric, Regge behaved amplitude for linearly rising trajectories}",
    doi = "10.1007/BF02824451",
    journal = "Nuovo Cim. A",
    volume = "57",
    pages = "190--197",
    year = "1968"
}

@book{Green:1987sp,
    author = "Green, Michael B. and Schwarz, J.H. and Witten, Edward",
    title = "{Superstring Theory. Vol. 1: Introduction}",
    isbn = "978-0-521-35752-4",
    series = "Cambridge Monographs on Mathematical Physics",
    month = "7",
    year = "1988"
}

@book{Green:1987mn,
    author = "Green, Michael B. and Schwarz, J.H. and Witten, Edward",
    title = "{Superstring Theory. Vol. 2: Loop Amplitudes, Anomalies and Phenomenology}",
    isbn = "978-0-521-35753-1",
    month = "7",
    year = "1988"
}

@book{Freedman:2012zz,
    author = "Freedman, Daniel Z. and Van Proeyen, Antoine",
    title = "{Supergravity}",
    isbn = "978-1-139-36806-3, 978-0-521-19401-3",
    publisher = "Cambridge Univ. Press",
    address = "Cambridge, UK",
    month = "5",
    year = "2012"
}

@article{Cremmer:1984hj,
    author = "Cremmer, E. and Kounnas, C. and Van Proeyen, Antoine and Derendinger, J.P. and Ferrara, S. and de Wit, B. and Girardello, L.",
    title = "{Vector Multiplets Coupled to N=2 Supergravity: SuperHiggs Effect, Flat Potentials and Geometric Structure}",
    reportNumber = "CERN-TH-3965/84",
    doi = "10.1016/0550-3213(85)90488-2",
    journal = "Nucl. Phys. B",
    volume = "250",
    pages = "385--426",
    year = "1985"
}

@article{Mohaupt:2000gc,
    author = "Mohaupt, Thomas",
    editor = "Billo, M. and Frau, M. and Fre, P. and Lerda, A. and Pesando, I. and Sciuto, S.",
    title = "{Black holes in supergravity and string theory}",
    eprint = "hep-th/0004098",
    archivePrefix = "arXiv",
    doi = "10.1088/0264-9381/17/17/303",
    journal = "Class. Quant. Grav.",
    volume = "17",
    pages = "3429--3482",
    year = "2000"
}

@article{Prasad:1975kr,
    author = "Prasad, M.K. and Sommerfield, Charles M.",
    title = "{An Exact Classical Solution for the 't Hooft Monopole and the Julia-Zee Dyon}",
    reportNumber = "COO-3075-114",
    doi = "10.1103/PhysRevLett.35.760",
    journal = "Phys. Rev. Lett.",
    volume = "35",
    pages = "760--762",
    year = "1975"
}

@article{Bogomolny:1975de,
    author = "Bogomolny, E.B.",
    title = "{Stability of Classical Solutions}",
    reportNumber = "PRINT-76-0543 (LANDAU-INST.)",
    journal = "Sov. J. Nucl. Phys.",
    volume = "24",
    pages = "449",
    year = "1976"
}

@article{Golfand:1971iw,
    author = "Golfand, Yu.A. and Likhtman, E.P.",
    title = "{Extension of the Algebra of Poincare Group Generators and Violation of p Invariance}",
    journal = "JETP Lett.",
    volume = "13",
    pages = "323--326",
    year = "1971"
}

@article{Haag:1974qh,
    author = "Haag, Rudolf and Lopuszanski, Jan T. and Sohnius, Martin",
    title = "{All Possible Generators of Supersymmetries of the s Matrix}",
    reportNumber = "Print-74-1630 (KARLSRUHE)",
    doi = "10.1016/0550-3213(75)90279-5",
    journal = "Nucl. Phys. B",
    volume = "88",
    pages = "257",
    year = "1975"
}

@article{Coleman:1967ad,
    author = "Coleman, Sidney R. and Mandula, J.",
    editor = "Zichichi, A.",
    title = "{All Possible Symmetries of the S Matrix}",
    doi = "10.1103/PhysRev.159.1251",
    journal = "Phys. Rev.",
    volume = "159",
    pages = "1251--1256",
    year = "1967"
}

@book{Wess:1992cp,
    author = "Wess, J. and Bagger, J.",
    title = "{Supersymmetry and supergravity}",
    isbn = "978-0-691-02530-8",
    publisher = "Princeton University Press",
    address = "Princeton, NJ, USA",
    year = "1992"
}

@article{Coleman:1967ad,
    author = "Coleman, Sidney R. and Mandula, J.",
    editor = "Zichichi, A.",
    title = "{All Possible Symmetries of the S Matrix}",
    doi = "10.1103/PhysRev.159.1251",
    journal = "Phys. Rev.",
    volume = "159",
    pages = "1251--1256",
    year = "1967"
}

@article{spradlin2001les,
	Archiveprefix = {arXiv},
	Author = {Marcus Spradlin and Andrew Strominger and Anastasia Volovich},
	Date-Modified = {2020-08-10 10:33:17 +0100},
	Eprint = {hep-th/0110007},
	Primaryclass = {hep-th},
	Title = {Les Houches Lectures on De Sitter Space},
	Year = {2001}}

@article{Akyol:2013ana,
    author = "Akyol, M. and Papadopoulos, G.",
    title = "{Brane solitons of (1, 0) superconformal theories in six dimensions with hyper-multiplets}",
    eprint = "1307.1041",
    archivePrefix = "arXiv",
    primaryClass = "hep-th",
    doi = "10.1088/0264-9381/31/6/065012",
    journal = "Class. Quant. Grav.",
    volume = "31",
    pages = "065012",
    year = "2014"
}

@article{Akyol:2012cq,
    author = "Akyol, M. and Papadopoulos, G.",
    title = "{(1,0) superconformal theories in six dimensions and Killing spinor equations}",
    eprint = "1204.2167",
    archivePrefix = "arXiv",
    primaryClass = "hep-th",
    doi = "10.1007/JHEP07(2012)070",
    journal = "JHEP",
    volume = "07",
    pages = "070",
    year = "2012"
}

@article{Cano:2018wnq,
    author = "Cano, Pablo A. and Ortín, Tomás",
    title = "{The structure of all the supersymmetric solutions of ungauged $\mathcal{N} = (1,0),d=6$ supergravity}",
    eprint = "1804.04945",
    archivePrefix = "arXiv",
    primaryClass = "hep-th",
    reportNumber = "IFT-UAM/CSIC-18-040, IFT-UAM-CSIC-18-040",
    doi = "10.1088/1361-6382/ab1f1e",
    journal = "Class. Quant. Grav.",
    volume = "36",
    number = "12",
    pages = "125007",
    year = "2019"
}

@article{Goldstein:2014gta,
    author = "Goldstein, Kevin and Jejjala, Vishnu and Nampuri, Suresh",
    title = "{Hot Attractors}",
    eprint = "1410.3478",
    archivePrefix = "arXiv",
    primaryClass = "hep-th",
    reportNumber = "WITS-CTP-142",
    doi = "10.1007/JHEP01(2015)075",
    journal = "JHEP",
    volume = "01",
    pages = "075",
    year = "2015"
}

@article{Goldstein:2018mwt,
    author = "Goldstein, Kevin and Jejjala, Vishnu and Mashiyane, James, Junior. and Nampuri, Suresh",
    title = "{Generalized Hot Attractors}",
    eprint = "1811.04963",
    archivePrefix = "arXiv",
    primaryClass = "hep-th",
    doi = "10.1007/JHEP03(2019)188",
    journal = "JHEP",
    volume = "03",
    pages = "188",
    year = "2019"
}

@article{Goldstein:2014qha,
    author = "Goldstein, Kevin and Nampuri, Suresh and Véliz-Osorio, Alvaro",
    title = "{Heating up branes in gauged supergravity}",
    eprint = "1406.2937",
    archivePrefix = "arXiv",
    primaryClass = "hep-th",
    reportNumber = "WITS-CTP-136",
    doi = "10.1007/JHEP08(2014)151",
    journal = "JHEP",
    volume = "08",
    pages = "151",
    year = "2014"
}

@article{Sen:2005wa,
    author = "Sen, Ashoke",
    title = "{Black hole entropy function and the attractor mechanism in higher derivative gravity}",
    eprint = "hep-th/0506177",
    archivePrefix = "arXiv",
    doi = "10.1088/1126-6708/2005/09/038",
    journal = "JHEP",
    volume = "09",
    pages = "038",
    year = "2005"
}

@article{Mohaupt:2010fk,
    author = "Mohaupt, T. and Vaughan, O.",
    title = "{Non-extremal Black Holes, Harmonic Functions, and Attractor Equations}",
    eprint = "1006.3439",
    archivePrefix = "arXiv",
    primaryClass = "hep-th",
    reportNumber = "LTH-877",
    doi = "10.1088/0264-9381/27/23/235008",
    journal = "Class. Quant. Grav.",
    volume = "27",
    pages = "235008",
    year = "2010"
}

@article{Ferrara:1995ih,
    author = "Ferrara, Sergio and Kallosh, Renata and Strominger, Andrew",
    title = "{N=2 extremal black holes}",
    eprint = "hep-th/9508072",
    archivePrefix = "arXiv",
    reportNumber = "CERN-TH-95-211, SU-ITP-95-16",
    doi = "10.1103/PhysRevD.52.R5412",
    journal = "Phys. Rev. D",
    volume = "52",
    pages = "5412--5416",
    year = "1995"
}

@article{Ferrara:1996dd,
    author = "Ferrara, Sergio and Kallosh, Renata",
    title = "{Supersymmetry and attractors}",
    eprint = "hep-th/9602136",
    archivePrefix = "arXiv",
    reportNumber = "UCLA-96-TEP-8, CERN-TH-96-53, SU-ITP-96-8",
    doi = "10.1103/PhysRevD.54.1514",
    journal = "Phys. Rev. D",
    volume = "54",
    pages = "1514--1524",
    year = "1996"
}

@article{Strominger:1996kf,
    author = "Strominger, Andrew",
    title = "{Macroscopic entropy of N=2 extremal black holes}",
    eprint = "hep-th/9602111",
    archivePrefix = "arXiv",
    doi = "10.1016/0370-2693(96)00711-3",
    journal = "Phys. Lett. B",
    volume = "383",
    pages = "39--43",
    year = "1996"
}


@article{Ferrara:1996um,
    author = "Ferrara, Sergio and Kallosh, Renata",
    title = "{Universality of supersymmetric attractors}",
    eprint = "hep-th/9603090",
    archivePrefix = "arXiv",
    reportNumber = "CERN-TH-96-66, SU-ITP-96-10",
    doi = "10.1103/PhysRevD.54.1525",
    journal = "Phys. Rev. D",
    volume = "54",
    pages = "1525--1534",
    year = "1996"
}


@article{deWit:1997sz,
    author = "de Wit, Bernard and Louis, Jan",
    editor = "Baulieu, L. and Kazakov, V. and Picco, M. and Windey, Paul and Di Francesco, P. and Douglas, Michael R.",
    title = "{Supersymmetry and dualities in various dimensions}",
    eprint = "hep-th/9801132",
    archivePrefix = "arXiv",
    reportNumber = "THU-98-04",
    journal = "NATO Sci. Ser. C",
    volume = "520",
    pages = "33--101",
    year = "1999"
}

@article{Taylor:2011wt,
    author = "Taylor, Washington",
    title = "{TASI Lectures on Supergravity and String Vacua in Various Dimensions}",
    eprint = "1104.2051",
    archivePrefix = "arXiv",
    primaryClass = "hep-th",
    reportNumber = "MIT-CTP-4227",
    month = "4",
    year = "2011"
}


@article{Kallosh:2000rn,
    author = "Kallosh, Renata and Mohaupt, Thomas and Shmakova, Marina",
    title = "{Excision of singularities by stringy domain walls}",
    eprint = "hep-th/0010271",
    archivePrefix = "arXiv",
    reportNumber = "SU-ITP-00-27",
    doi = "10.1063/1.1373424",
    journal = "J. Math. Phys.",
    volume = "42",
    pages = "3071--3081",
    year = "2001"
}

@article{Mayer:2003zk,
    author = "Mayer, Christoph and Mohaupt, Thomas",
    title = "{The Kahler cone as cosmic censor}",
    eprint = "hep-th/0312008",
    archivePrefix = "arXiv",
    reportNumber = "FSU-TPI-13-03",
    doi = "10.1088/0264-9381/21/7/010",
    journal = "Class. Quant. Grav.",
    volume = "21",
    pages = "1879--1896",
    year = "2004"
}


@article{Cardoso:2012nh,
    author = "Lopes Cardoso, Gabriel and de Wit, Bernard and Mahapatra, Swapna",
    editor = "Bellucci, Stefano",
    title = "{Non-holomorphic deformations of special geometry and their applications}",
    eprint = "1206.0577",
    archivePrefix = "arXiv",
    primaryClass = "hep-th",
    reportNumber = "ITP-UU-12-20, NIKHEF-2012-010",
    doi = "10.1007/978-3-319-00215-6\_1",
    journal = "Springer Proc. Phys.",
    volume = "144",
    pages = "1--58",
    year = "2013"
}

@article{LopesCardoso:2019mlj,
    author = "Lopes Cardoso, Gabriel and Mohaupt, Thomas",
    title = "{Special geometry, Hessian structures and applications}",
    eprint = "1909.06240",
    archivePrefix = "arXiv",
    primaryClass = "hep-th",
    reportNumber = "LTH 1215",
    doi = "10.1016/j.physrep.2020.02.002",
    journal = "Phys. Rept.",
    volume = "855",
    pages = "1--141",
    year = "2020"
}

@article{deWit:2001pz,
    author = "de Wit, Bernard",
    editor = "Olive, K.A. and Rudaz, S. and Shifman, Mikhail A.",
    title = "{Electric magnetic dualities in supergravity}",
    eprint = "hep-th/0103086",
    archivePrefix = "arXiv",
    reportNumber = "ITP-UU-01-08, SPIN-01-05",
    doi = "10.1016/S0920-5632(01)01502-X",
    journal = "Nucl. Phys. B Proc. Suppl.",
    volume = "101",
    pages = "154--171",
    year = "2001"
}

@article{Chong:2004na,
    author = "Chong, Z.-W. and Cvetic, Mirjam and Lu, H. and Pope, C.N.",
    title = "{Charged rotating black holes in four-dimensional gauged and ungauged supergravities}",
    eprint = "hep-th/0411045",
    archivePrefix = "arXiv",
    reportNumber = "MIFP-04-20, UPR-1096-T",
    doi = "10.1016/j.nuclphysb.2005.03.034",
    journal = "Nucl. Phys. B",
    volume = "717",
    pages = "246--271",
    year = "2005"
}

@article{Smith_1985,
	doi = {10.1088/0264-9381/2/2/010},
	url = {https://doi.org/10.1088%2F0264-9381%2F2%2F2%2F010},
	year = 1985,
	month = {mar},
	publisher = {{IOP} Publishing},
	volume = {2},
	number = {2},
	pages = {167--177},
	author = {A W Smith},
	title = {{\textquotesingle}N=1, D=6{\textquotesingle} supergravity theory},
	journal = {Classical and Quantum Gravity},
	abstract = {The superspace torsions constraints are imposed and a solution of the Bianchi identities in terms of superfields and their covariant derivatives is given. The author shows the component fields and exhibit a Lagrangian which couples on-shell supergravity and a matter multiplet. Finally it is shown that after dimensional reduction the N=1, D=6 off-shell supergravity theory yields the N=2, D=4 off-shell conformal supergravity theory.}
}


@misc{Blau,
	author = "Blau, Matthias",
	title = "Lecture Notes On General Relativity",
	howpublished = {\url{http://www.blau.itp.unibe.ch/newlecturesGR.pdf}},
	year = "2020"
}


@article{Cremmer:1978km,
    author = "Cremmer, E. and Julia, B. and Scherk, Joel",
    title = "{Supergravity Theory in Eleven-Dimensions}",
    reportNumber = "LPTENS-78-10",
    doi = "10.1016/0370-2693(78)90894-8",
    journal = "Phys. Lett. B",
    volume = "76",
    pages = "409--412",
    year = "1978"
}

@article{Witten:1981me,
    author = "Witten, Edward",
    title = "{Search for a Realistic Kaluza-Klein Theory}",
    reportNumber = "PRINT-81-0056 (PRINCETON)",
    doi = "10.1016/0550-3213(81)90021-3",
    journal = "Nucl. Phys. B",
    volume = "186",
    pages = "412",
    year = "1981"
}

@article{Nahm:1977tg,
    author = "Nahm, W.",
    title = "{Supersymmetries and their Representations}",
    reportNumber = "CERN-TH-2341",
    doi = "10.1016/0550-3213(78)90218-3",
    journal = "Nucl. Phys. B",
    volume = "135",
    pages = "149",
    year = "1978"
}

@article{Scherk:1978ta,
    author = "Scherk, Joel and Schwarz, John H.",
    title = "{Spontaneous Breaking of Supersymmetry Through Dimensional Reduction}",
    reportNumber = "LPTENS 78/28",
    doi = "10.1016/0370-2693(79)90425-8",
    journal = "Phys. Lett. B",
    volume = "82",
    pages = "60--64",
    year = "1979"
}

@article{Inverso:2017lrz,
    author = "Inverso, Gianluca",
    title = "{Generalised Scherk-Schwarz reductions from gauged supergravity}",
    eprint = "1708.02589",
    archivePrefix = "arXiv",
    primaryClass = "hep-th",
    doi = "10.1007/JHEP12(2017)124",
    journal = "JHEP",
    volume = "12",
    pages = "124",
    year = "2017"
}


@article{Hull:2002wg,
    author = "Hull, C.M.",
    title = "{Gauged D=9 supergravities and Scherk-Schwarz reduction}",
    eprint = "hep-th/0203146",
    archivePrefix = "arXiv",
    reportNumber = "QMW-PH-02-05",
    doi = "10.1088/0264-9381/21/2/014",
    journal = "Class. Quant. Grav.",
    volume = "21",
    number = "2",
    pages = "509--516",
    year = "2004"
}



@article{Bailin:1999nk,
    author = "Bailin, D. and Love, A.",
    title = "{Orbifold compactifications of string theory}",
    doi = "10.1016/S0370-1573(98)00126-4",
    journal = "Phys. Rept.",
    volume = "315",
    pages = "285--408",
    year = "1999"
}

@article{Bianchi:1990yu,
    author = "Bianchi, Massimo and Sagnotti, Augusto",
    title = "{On the systematics of open string theories}",
    reportNumber = "ROM2F-90-20",
    doi = "10.1016/0370-2693(90)91894-H",
    journal = "Phys. Lett. B",
    volume = "247",
    pages = "517--524",
    year = "1990"
}

@article{Candelas:1990pi,
      author         = "Candelas, Philip and de la Ossa, Xenia",
      title          = "{Moduli Space of {Calabi-Yau} Manifolds}",
      journal        = "Nucl. Phys.",
      volume         = "B355",
      year           = "1991",
      pages          = "455-481",
      doi            = "10.1016/0550-3213(91)90122-E",
      reportNumber   = "UTTG-07-90",
      SLACcitation   = "%%CITATION = NUPHA,B355,455;%%"
}


@article{Kaluza:1921tu,
    author = "Kaluza, Th.",
    title = "{Zum Unitätsproblem der Physik}",
    eprint = "1803.08616",
    archivePrefix = "arXiv",
    primaryClass = "physics.hist-ph",
    reportNumber = "HUPD-8401",
    doi = "10.1142/S0218271818700017",
    journal = "Int. J. Mod. Phys. D",
    volume = "27",
    number = "14",
    pages = "1870001",
    year = "2018"
}

@article{Klein:1926fj,
    author = "Klein, O.",
    title = "{The Atomicity of Electricity as a Quantum Theory Law}",
    doi = "10.1038/118516a0",
    journal = "Nature",
    volume = "118",
    pages = "516",
    year = "1926"
}

@article{Cortes:2003zd,
    author = "Cortes, Vicente and Mayer, Christoph and Mohaupt, Thomas and Saueressig, Frank",
    title = "{Special geometry of Euclidean supersymmetry. 1. Vector multiplets}",
    eprint = "hep-th/0312001",
    archivePrefix = "arXiv",
    reportNumber = "FSU-TPI-12-03",
    doi = "10.1088/1126-6708/2004/03/028",
    journal = "JHEP",
    volume = "03",
    pages = "028",
    year = "2004"
}

@article{Cortes:2005uq,
    author = "Cortes, Vicente and Mayer, Christoph and Mohaupt, Thomas and Saueressig, Frank",
    title = "{Special geometry of euclidean supersymmetry. II. Hypermultiplets and the c-map}",
    eprint = "hep-th/0503094",
    archivePrefix = "arXiv",
    reportNumber = "ITP-05-06, SPIN-05-04, FSU-TPI-02-05",
    doi = "10.1088/1126-6708/2005/06/025",
    journal = "JHEP",
    volume = "06",
    pages = "025",
    year = "2005"
}

@phdthesis{Errington:2016,
    author = "Errington, David",
    title = "{Nernst Branes from Special Geometry}",
    school = "The University of Liverpool, UK",
    year = "2012"
}

@phdthesis{Dempster:2014,
    author = "Dempster,Paul",
    title = "{Time-like reductions of supergravity and black string solutions}",
    school = "The University of Liverpool, UK",
    year = "2014"
}

@phdthesis{Vaughan:2012,
    author = "Vaughan, Owen",
    title = "{The r-map, c-map and black hole solutions.}",
    school = "The University of Liverpool, UK",
    year = "2012"
}

@article{Antoniadis:1995vz,
    author = "Antoniadis, Ignatios and Ferrara, S. and Taylor, T.R.",
    title = "{N=2 heterotic superstring and its dual theory in five-dimensions}",
    eprint = "hep-th/9511108",
    archivePrefix = "arXiv",
    reportNumber = "CERN-TH-95-300, CPTH-S396-1195, LPTENS-95-49",
    doi = "10.1016/0550-3213(95)00659-1",
    journal = "Nucl. Phys. B",
    volume = "460",
    pages = "489--505",
    year = "1996"
}

@article{Duff:1994zt,
    author = "Duff, M.J.",
    title = "{Strong / weak coupling duality from the dual string}",
    eprint = "hep-th/9501030",
    archivePrefix = "arXiv",
    reportNumber = "NI-94-033, CTP-TAMU-49-94",
    doi = "10.1016/S0550-3213(95)00070-4",
    journal = "Nucl. Phys. B",
    volume = "442",
    pages = "47--63",
    year = "1995"
}


@article{Duff:1995sm,
    author = "Duff, M.J. and Liu, James T. and Rahmfeld, J.",
    title = "{Four-dimensional string-string-string triality}",
    eprint = "hep-th/9508094",
    archivePrefix = "arXiv",
    reportNumber = "CTP-TAMU-27-95",
    doi = "10.1016/0550-3213(95)00555-2",
    journal = "Nucl. Phys. B",
    volume = "459",
    pages = "125--159",
    year = "1996"
}

@article{Ferrara:1989ik,
    author = "Ferrara, S. and Sabharwal, S.",
    title = "{Quaternionic Manifolds for Type II Superstring Vacua of Calabi-Yau Spaces}",
    reportNumber = "UCLA/89/TEP/28, CERN-TH-5436/89",
    doi = "10.1016/0550-3213(90)90097-W",
    journal = "Nucl. Phys. B",
    volume = "332",
    pages = "317--332",
    year = "1990"
}

@article{Bodner:1990zm,
      author         = "Bodner, M. and Cadavid, A. C. and Ferrara, S.",
      title          = "{(2,2) vacuum configurations for type IIA superstrings:
                        N=2 supergravity Lagrangians and algebraic geometry}",
      journal        = "Class. Quant. Grav.",
      volume         = "8",
      year           = "1991",
      pages          = "789-808",
      doi            = "10.1088/0264-9381/8/5/005",
      reportNumber   = "UCLA-90-TEP-58, CERN-TH-5887-90",
      SLACcitation   = "%%CITATION = CQGRD,8,789;%%"
}


@article{Ionescu:2015dna,
    author = "Ionescu, Alexandru and Klainerman, Sergiu",
    title = "{Rigidity Results in General Relativity: a Review}",
    eprint = "1501.01587",
    archivePrefix = "arXiv",
    primaryClass = "gr-qc",
    month = "1",
    year = "2015"
}

@article{Penrose:1964wq,
    author = "Penrose, Roger",
    title = "{Gravitational collapse and space-time singularities}",
    doi = "10.1103/PhysRevLett.14.57",
    journal = "Phys. Rev. Lett.",
    volume = "14",
    pages = "57--59",
    year = "1965"
}


@book{Gallot1987,
   title =     {Riemannian geometry},
   author =    {S Gallot},
   publisher = {Springer-Verlag},
   isbn =      {9780387179230,0387179232},
   year =      {1987},
   series =    {Universitext},
   edition =   {3},
   DOI={10.1007/978-3-642-18855-8}
}

@article{kobayashi1967,
author = "Kobayashi, Shoshichi",
doi = "10.2748/tmj/1178243347",
fjournal = "Tohoku Mathematical Journal",
journal = "Tohoku Math. J. (2)",
number = "1",
pages = "63--70",
publisher = "Tohoku University, Mathematical Institute",
title = "Imbeddings of homogeneous spaces with minimum total curvature",
url = "https://doi.org/10.2748/tmj/1178243347",
volume = "19",
year = "1967"
}


@book{frankel_2011, 
	place={Cambridge}, 
	edition={3}, 
	title={The Geometry of Physics: An Introduction}, 
	DOI={10.1017/CBO9781139061377}, 
	publisher={Cambridge University Press}, 
	author={Frankel, Theodore}, 
	year={2011}
}

@article{Penrose:1969pc,
    author = "Penrose, R.",
    title = "{Gravitational collapse: The role of general relativity}",
    doi = "10.1023/A:1016578408204",
    journal = "Riv. Nuovo Cim.",
    volume = "1",
    pages = "252--276",
    year = "1969"
}

@article{Dafermos:2017dbw,
    author = "Dafermos, Mihalis and Luk, Jonathan",
    title = "{The interior of dynamical vacuum black holes I: The $C^0$-stability of the Kerr Cauchy horizon}",
    eprint = "1710.01722",
    archivePrefix = "arXiv",
    primaryClass = "gr-qc",
    month = "10",
    year = "2017"
}

@article{Markovic:1994gy,
    author = "Markovic, Dragoljub and Poisson, Eric",
    title = "{Classical stability and quantum instability of black hole Cauchy horizons}",
    eprint = "gr-qc/9411002",
    archivePrefix = "arXiv",
    doi = "10.1103/PhysRevLett.74.1280",
    journal = "Phys. Rev. Lett.",
    volume = "74",
    pages = "1280--1283",
    year = "1995"
}


@article{Parikh:1999mf,
	Author = {Parikh, Maulik K. and Wilczek, Frank},
	Date-Added = {2020-06-30 16:00:27 +0100},
	Date-Modified = {2020-06-30 16:00:27 +0100},
	Eprint = {hep-th/9907001},
	Journal = {Phys. Rev. Lett.},
	Local-Url = {file://localhost/Users/thomasmohaupt/Bibliothek/Eprints/hep-th/9907001.pdf},
	Pages = {5042-5045},
	Slaccitation = {%%CITATION = HEP-TH/9907001;%%},
	Title = {Hawking radiation as tunneling},
	Volume = {85},
	Year = {2000}
}


@book{landau2013statistical,
  title={Statistical Physics: Volume 5},
  author={Landau, L.D. and Lifshitz, E.M.},
  number={v. 5},
  isbn={9780080570464},
  year={2013},
  publisher={Elsevier Science}
}


@article{Hawking:1971vc,
    author = "Hawking, S.W.",
    title = "{Black holes in general relativity}",
    doi = "10.1007/BF01877517",
    journal = "Commun. Math. Phys.",
    volume = "25",
    pages = "152--166",
    year = "1972"
}

@article{Hawking:1972hy,
    author = "Hawking, S.W. and Hartle, J.B.",
    title = "{Energy and angular momentum flow into a black hole}",
    doi = "10.1007/BF01645515",
    journal = "Commun. Math. Phys.",
    volume = "27",
    pages = "283--290",
    year = "1972"
}

@article{Sudarsky:1992ty,
    author = "Sudarsky, D. and Wald, Robert M.",
    title = "{Extrema of mass, stationarity, and staticity, and solutions to the Einstein Yang-Mills equations}",
    doi = "10.1103/PhysRevD.46.1453",
    journal = "Phys. Rev. D",
    volume = "46",
    pages = "1453--1474",
    year = "1992"
}

@article{Kerr:1963ud,
    author = "Kerr, Roy P.",
    title = "{Gravitational field of a spinning mass as an example of algebraically special metrics}",
    doi = "10.1103/PhysRevLett.11.237",
    journal = "Phys. Rev. Lett.",
    volume = "11",
    pages = "237--238",
    year = "1963"
}

@article{Israel:1967wq,
    author = "Israel, Werner",
    title = "{Event horizons in static vacuum space-times}",
    doi = "10.1103/PhysRev.164.1776",
    journal = "Phys. Rev.",
    volume = "164",
    pages = "1776--1779",
    year = "1967"
}

@book{Poisson:2009pwt,
    author = "Poisson, Eric",
    title = "{A Relativist's Toolkit: The Mathematics of Black-Hole Mechanics}",
    doi = "10.1017/CBO9780511606601",
    publisher = "Cambridge University Press",
    month = "12",
    year = "2009"
}

@article{Hawking:1974sw,
    author = "Hawking, S.W.",
    editor = "Gibbons, G.W. and Hawking, S.W.",
    title = "{Particle Creation by Black Holes}",
    doi = "10.1007/BF02345020",
    journal = "Commun. Math. Phys.",
    volume = "43",
    pages = "199--220",
    year = "1975",
    note = "[Erratum: Commun.Math.Phys. 46, 206 (1976)]"
}

@article{Israelthird,
  title = {Third Law of Black-Hole Dynamics: A Formulation and Proof},
  author = {Israel, W.},
  journal = {Phys. Rev. Lett.},
  volume = {57},
  issue = {4},
  pages = {397--399},
  numpages = {0},
  year = {1986},
  month = {Jul},
  publisher = {American Physical Society},
  doi = {10.1103/PhysRevLett.57.397},
  url = {https://link.aps.org/doi/10.1103/PhysRevLett.57.397}
}

@article{BekensteinGeneralised,
  title = {Generalized second law of thermodynamics in black-hole physics},
  author = {Bekenstein, Jacob D.},
  journal = {Phys. Rev. D},
  volume = {9},
  issue = {12},
  pages = {3292--3300},
  numpages = {0},
  year = {1974},
  month = {Jun},
  publisher = {American Physical Society},
  doi = {10.1103/PhysRevD.9.3292},
  url = {https://link.aps.org/doi/10.1103/PhysRevD.9.3292}
}


@article{Dolan:2011xt,
    author = "Dolan, Brian P.",
    title = "{Pressure and volume in the first law of black hole thermodynamics}",
    eprint = "1106.6260",
    archivePrefix = "arXiv",
    primaryClass = "gr-qc",
    doi = "10.1088/0264-9381/28/23/235017",
    journal = "Class. Quant. Grav.",
    volume = "28",
    pages = "235017",
    year = "2011"
}

@article{Kodama:1980,
    author = {Kodama, Hideo},
    title = "{Conserved Energy Flux for the Spherically Symmetric System and the Backreaction Problem in the Black Hole Evaporation}",
    journal = {Progress of Theoretical Physics},
    volume = {63},
    number = {4},
    pages = {1217-1228},
    year = {1980},
    month = {04},
    issn = {0033-068X},
    doi = {10.1143/PTP.63.1217},
    url = {https://doi.org/10.1143/PTP.63.1217},
}


@article{Katz_1988,
	doi = {10.1088/0264-9381/5/7/006},
	url = {https://doi.org/10.1088%2F0264-9381%2F5%2F7%2F006},
	year = 1988,
	month = {jul},
	publisher = {{IOP} Publishing},
	volume = {5},
	number = {7},
	pages = {971--987},
	author = {J Katz and D Lynden-Bell and W Israel},
	title = {Quasilocal energy in static gravitational fields},
	journal = {Classical and Quantum Gravity},
}

@article{Komar:1958wp,
    author = "Komar, Arthur",
    title = "{Covariant conservation laws in general relativity}",
    doi = "10.1103/PhysRev.113.934",
    journal = "Phys. Rev.",
    volume = "113",
    pages = "934--936",
    year = "1959"
}

@article{Schwarzschild:1916uq,
    author = "Schwarzschild, Karl",
    title = "{On the gravitational field of a mass point according to Einstein's theory}",
    eprint = "physics/9905030",
    archivePrefix = "arXiv",
    journal = "Sitzungsber. Preuss. Akad. Wiss. Berlin (Math. Phys. )",
    volume = "1916",
    pages = "189--196",
    year = "1916"
}

@article{Braginsky1972,
    author = "Braginsky, V. B. and Panov, V. I.",
    title = "{The equivalence of inertial and passive gravitational mass}",
    journal = "General Relativity and Gravitation",
    volume = "3",
    pages = "403--404",
    year = "1972",
    doi = "10.1007/BF00759178"
}


@article{Lovelock:1972vz,
    author = "Lovelock, D.",
    title = "{The four-dimensionality of space and the einstein tensor}",
    doi = "10.1063/1.1666069",
    journal = "J. Math. Phys.",
    volume = "13",
    pages = "874--876",
    year = "1972"
}

@book{Misner:1974qy,
    author = "Misner, Charles W. and Thorne, K.S. and Wheeler, J.A.",
    title = "{Gravitation}",
    isbn = "978-0-7167-0344-0, 978-0-691-17779-3",
    publisher = "W. H. Freeman",
    address = "San Francisco",
    year = "1973"
}

@book{Hawking:1973uf,
    author = "Hawking, S.W. and Ellis, G.F.R.",
    title = "{The Large Scale Structure of Space-Time}",
    doi = "10.1017/CBO9780511524646",
    isbn = "978-0-521-20016-5, 978-0-521-09906-6, 978-0-511-82630-6, 978-0-521-09906-6",
    publisher = "Cambridge University Press",
    series = "Cambridge Monographs on Mathematical Physics",
    month = "2",
    year = "2011"
}

@misc{Atiyah:lecturenotes,
    author = "Atiyah, M. F.",
    title = "{Duality in Mathematics and Physics}",
    year = "{Riemann’s Influence in Geometry, Analysis and Number Theorm, 2017}"
}

@misc{Gibbons:lecturenotes,
    author = "Gibbons, G. W.",
    title = "{Part III Lecture Notes: Applications of Differential Geometry to Physics}",
    year = "{University of Cambridge, 2011}"
}

@misc{Reall:2014gr,
    author = "Reall, H.",
    title = "{Part III Lecture Notes: General Relativity}",
    year = "{University of Cambridge, 2014}"
}

@misc{Reall:2014bh,
    author = "Reall, H.",
    title = "{Part III Lecture Notes: Black Holes}",
    year = "{University of Cambridge, 2014}"
}

@article{Bardeen:1973gs,
    author = "Bardeen, James M. and Carter, B. and Hawking, S.W.",
    doi = "10.1007/BF01645742",
    journal = "Commun. Math. Phys.",
    pages = "161--170",
    title = "{The Four laws of black hole mechanics}",
    volume = "31",
    year = "1973"
}

@article{Henry:1999rm,
      author         = "Henry, Richard C.",
      title          = "{Kretschmann scalar for a kerr-newman black hole}",
      journal        = "Astrophys. J.",
      volume         = "535",
      year           = "2000",
      pages          = "350",
      doi            = "10.1086/308819",
      eprint         = "astro-ph/9912320",
      archivePrefix  = "arXiv",
      primaryClass   = "astro-ph",
      SLACcitation   = "%%CITATION = ASTRO-PH/9912320;%%"
}

@article{Sabra:2017xvx,
      author         = "Sabra, W. A.",
      title          = "{Special geometry and space–time signature}",
      journal        = "Phys. Lett.",
      volume         = "B773",
      year           = "2017",
      pages          = "191-195",
      doi            = "10.1016/j.physletb.2017.08.021",
      eprint         = "1706.05162",
      archivePrefix  = "arXiv",
      primaryClass   = "hep-th",
      SLACcitation   = "%%CITATION = ARXIV:1706.05162;%%"
}


@article{Deser:1996xp,
      author         = "Deser, Stanley",
      title          = "{Black hole electromagnetic duality}",
      booktitle      = "{High-energy physics, particles and fields. Proceedings,
                        1st Latin American Symposium, SILAFAE, 7th Mexican School,
                        EMPC, Merida, Mexico, October 30-November 6, 1996}",
      journal        = "AIP Conf. Proc.",
      volume         = "400",
      year           = "1997",
      number         = "1",
      pages          = "437-445",
      doi            = "10.1063/1.53263",
      eprint         = "hep-th/9701157",
      archivePrefix  = "arXiv",
      primaryClass   = "hep-th",
      reportNumber   = "BRX-TH-403",
      SLACcitation   = "%%CITATION = HEP-TH/9701157;%%"
}


@article{Polarski_1989,
	doi = {10.1088/0264-9381/6/5/013},
	url = {https://doi.org/10.1088%2F0264-9381%2F6%2F5%2F013},
	year = 1989,
	month = {may},
	publisher = {{IOP} Publishing},
	volume = {6},
	number = {5},
	pages = {717--722},
	author = {D Polarski},
	title = {On the Hawking effect in de Sitter space},
	journal = {Classical and Quantum Gravity},
	abstract = {The Hawking effect in static de Sitter (dS) space is studied for a massless conformally coupled scalar field. An exact calculation of the difference between the dS invariant propagator and the propagator of the omega modes, the eigenmodes on static dS space, reveals Hawking radiation with temperature 1/2 pi a, where r=a defines the horizon.}
}

@article{Binetruy:2014ela,
      author         = "Binétruy, Pierre and Helou, Alexis",
      title          = "{The Apparent Universe}",
      journal        = "Class. Quant. Grav.",
      volume         = "32",
      year           = "2015",
      number         = "20",
      pages          = "205006",
      doi            = "10.1088/0264-9381/32/20/205006",
      eprint         = "1406.1658",
      archivePrefix  = "arXiv",
      primaryClass   = "gr-qc",
      SLACcitation   = "%%CITATION = ARXIV:1406.1658;%%"
}

@book{Wald:106274,
      author        = "Wald, Robert M",
      title         = "{General relativity}",
      publisher     = "Chicago Univ. Press",
      address       = "Chicago, IL",
      year          = "1984",
      url           = "https://cds.cern.ch/record/106274",
}

@article{York:1972,
  title = {Role of Conformal Three-Geometry in the Dynamics of Gravitation},
  author = {York, James W.},
  journal = {Phys. Rev. Lett.},
  volume = {28},
  issue = {16},
  pages = {1082--1085},
  numpages = {0},
  year = {1972},
  month = {Apr},
  publisher = {American Physical Society},
  doi = {10.1103/PhysRevLett.28.1082},
  url = {https://link.aps.org/doi/10.1103/PhysRevLett.28.1082}
}

@article{Ashtekar:1979cc,
author = {Ashtekar,Abhay  and Magnon-Ashtekar,Anne },
title = {On conserved quantities in general relativity},
journal = {Journal of Mathematical Physics},
volume = {20},
number = {5},
pages = {793-800},
year = {1979},
doi = {10.1063/1.524151},
}

@article{arnowitt1959,
       author = {{Arnowitt}, R. and {Deser}, S. and {Misner}, C.~W.},
        title = "{Dynamical Structure and Definition of Energy in General Relativity}",
      journal = {Physical Review},
         year = "1959",
        month = "Dec",
       volume = {116},
       number = {5},
        pages = {1322-1330},
          doi = {10.1103/PhysRev.116.1322},
       adsurl = {https://ui.adsabs.harvard.edu/abs/1959PhRv..116.1322A},
      adsnote = {Provided by the SAO/NASA Astrophysics Data System}
}


@article{Bekenstein:1973ur,
      author         = "Bekenstein, Jacob D.",
      title          = "{Black holes and entropy}",
      journal        = "Phys. Rev.",
      volume         = "D7",
      year           = "1973",
      pages          = "2333-2346",
      doi            = "10.1103/PhysRevD.7.2333",
      SLACcitation   = "%%CITATION = PHRVA,D7,2333;%%"
}

@article{Mohaupt:2000mj,
      author         = "Mohaupt, Thomas",
      title          = "{Black hole entropy, special geometry and strings}",
      journal        = "Fortsch. Phys.",
      volume         = "49",
      year           = "2001",
      pages          = "3-161",
      doi            = "10.1002/1521-3978(200102)49:1/3<3::AID-PROP3>3.0.CO;2-#",
      eprint         = "hep-th/0007195",
      archivePrefix  = "arXiv",
      primaryClass   = "hep-th",
      SLACcitation   = "%%CITATION = HEP-TH/0007195;%%"
}

@article{Dijkgraaf:2016lym,
	Archiveprefix = {arXiv},
	Author = {Dijkgraaf, Robbert and Heidenreich, Ben and Jefferson, Patrick and Vafa, Cumrun},
	Date-Added = {2019-03-08 17:40:11 +0000},
	Date-Modified = {2019-03-08 17:40:11 +0000},
	Doi = {10.1007/JHEP02(2018)050},
	Eprint = {1603.05665},
	Journal = {JHEP},
	Pages = {050},
	Primaryclass = {hep-th},
	Slaccitation = {%%CITATION = ARXIV:1603.05665;%%},
	Title = {{Negative Branes, Supergroups and the Signature of Spacetime}},
	Volume = {02},
	Year = {2018},
	Bdsk-Url-1 = {https://doi.org/10.1007/JHEP02(2018)050}}

@article{Hull:1998vg,
      author         = "Hull, C. M.",
      title          = "{Timelike T duality, de Sitter space, large N gauge
                        theories and topological field theory}",
      journal        = "JHEP",
      volume         = "07",
      year           = "1998",
      pages          = "021",
      doi            = "10.1088/1126-6708/1998/07/021",
      eprint         = "hep-th/9806146",
      archivePrefix  = "arXiv",
      primaryClass   = "hep-th",
      reportNumber   = "QMW-PH-98-28",
      SLACcitation   = "%%CITATION = HEP-TH/9806146;%%"
}


@article{Mohaupt:2011aa,
	Archiveprefix = {arXiv},
	Author = {Mohaupt, Thomas and Vaughan, Owen},
	Date-Added = {2019-03-08 16:25:08 +0000},
	Date-Modified = {2019-03-08 16:25:08 +0000},
	Doi = {10.1007/JHEP07(2012)163},
	Eprint = {1112.2876},
	Journal = {JHEP},
	Pages = {163},
	Primaryclass = {hep-th},
	Reportnumber = {LTH-933},
	Slaccitation = {%%CITATION = ARXIV:1112.2876;%%},
	Title = {{The Hesse potential, the c-map and black hole solutions}},
	Volume = {1207},
	Year = {2012},
	}

@article{Mohaupt:2012tu,
	Archiveprefix = {arXiv},
	Author = {Mohaupt, Thomas and Vaughan, Owen},
	Booktitle = {{Proceedings, INFN-Laboratori Nazionali di Frascati School 2011 on Black Objects in Supergravity (BOSS2011)}},
	Date-Added = {2019-03-08 16:24:00 +0000},
	Date-Modified = {2019-03-08 16:24:00 +0000},
	Doi = {10.1007/978-3-319-00215-6_6},
	Eprint = {1208.4302},
	Journal = {Springer Proc. Phys.},
	Keywords = {Solutions, Reference},
	Pages = {233-254},
	Primaryclass = {hep-th},
	Slaccitation = {%%CITATION = ARXIV:1208.4302;%%},
	Title = {{Non-extremal black holes from the generalised r-map}},
	Volume = {144},
	Year = {2013},
	}

@article{Barisch:2011ui,
	Archiveprefix = {arXiv},
	Author = {Barisch, Susanne and Lopes Cardoso, Gabriel and Haack, Michael and Nampuri, Suresh and Obers, Niels A.},
	Date-Added = {2019-03-08 16:18:21 +0000},
	Date-Modified = {2019-03-08 16:18:21 +0000},
	Doi = {10.1007/JHEP11(2011)090},
	Eprint = {1108.0296},
	Journal = {JHEP},
	Keywords = {Nernst2, Project_Nernst},
	Pages = {090},
	Primaryclass = {hep-th},
	Slaccitation = {%%CITATION = ARXIV:1108.0296;%%},
	Title = {{Nernst branes in gauged supergravity}},
	Volume = {1111},
	Year = {2011},
	Bdsk-Url-1 = {http://dx.doi.org/10.1007/JHEP11(2011)090}}

@article{Cardoso:2015wcf,
	Archiveprefix = {arXiv},
	Author = {Cardoso, G. L. and Haack, M. and Nampuri, S.},
	Date-Added = {2019-03-08 16:18:07 +0000},
	Date-Modified = {2019-03-08 16:18:07 +0000},
	Eprint = {1511.07676},
	Primaryclass = {hep-th},
	Reportnumber = {LMU-ASC-73-15},
	Slaccitation = {%%CITATION = ARXIV:1511.07676;%%},
	Title = {{Nernst branes with Lifshitz asymptotics in N=2 gauged supergravity}},
	Year = {2015},
	Bdsk-File-1 = {YnBsaXN0MDDSAQIDBFxyZWxhdGl2ZVBhdGhZYWxpYXNEYXRhXxAyLi4vLi4vLi4vLi4vQmlibGlvdGhlay9FcHJpbnRzLzIwMTUvMTUxMS4wNzY3Ni5wZGZPEQFsAAAAAAFsAAIAAAxNYWNpbnRvc2ggSEQAAAAAAAAAAAAAAAAAAAAAAAAAQkQAAf////8OMTUxMS4wNzY3Ni5wZGYAAAAAAAAAAAAAAAAAAAAAAAAAAAAAAAAAAAAAAAAAAAAAAAAAAAAAAAAAAAAAAAAA/////wAAAAAAAAAAAAAAAAAEAAQAAAogY3UAAAAAAAAAAAAAAAAABDIwMTUAAgA8LzpVc2Vyczp0aG9tYXNtb2hhdXB0OkJpYmxpb3RoZWs6RXByaW50czoyMDE1OjE1MTEuMDc2NzYucGRmAA4AHgAOADEANQAxADEALgAwADcANgA3ADYALgBwAGQAZgAPABoADABNAGEAYwBpAG4AdABvAHMAaAAgAEgARAASADpVc2Vycy90aG9tYXNtb2hhdXB0L0JpYmxpb3RoZWsvRXByaW50cy8yMDE1LzE1MTEuMDc2NzYucGRmABMAAS8AABUAAgAU//8AAAAIAA0AGgAkAFkAAAAAAAACAQAAAAAAAAAFAAAAAAAAAAAAAAAAAAAByQ==}}

@article{Ferrara:1997tw,
	Author = {Ferrara, Sergio and Gibbons, Gary W. and Kallosh, Renata},
	Date-Added = {2019-02-19 15:50:27 +0000},
	Date-Modified = {2019-02-19 15:50:27 +0000},
	Eprint = {hep-th/9702103},
	Journal = {Nucl. Phys.},
	Local-Url = {file://localhost/Users/thomasmohaupt/Bibliothek/Eprints/hep-th/9702103.pdf},
	Pages = {75-93},
	Slaccitation = {%%CITATION = HEP-TH/9702103;%%},
	Title = {Black holes and critical points in moduli space},
	Volume = {B500},
	Year = {1997},
	Bdsk-File-1 = {YnBsaXN0MDDSAQIDBFxyZWxhdGl2ZVBhdGhZYWxpYXNEYXRhXxAxLi4vLi4vLi4vLi4vQmlibGlvdGhlay9FcHJpbnRzL2hlcC10aC85NzAyMTAzLnBkZk8RAWgAAAAAAWgAAgAADE1hY2ludG9zaCBIRAAAAAAAAAAAAAAAAAAAAAAAAABCRAAB/////ws5NzAyMTAzLnBkZgAAAAAAAAAAAAAAAAAAAAAAAAAAAAAAAAAAAAAAAAAAAAAAAAAAAAAAAAAAAAAAAAAAAAD/////AAAAAFBERiBDQVJPAAQABAAACiBjdQAAAAAAAAAAAAAAAAAGaGVwLXRoAAIAOy86VXNlcnM6dGhvbWFzbW9oYXVwdDpCaWJsaW90aGVrOkVwcmludHM6aGVwLXRoOjk3MDIxMDMucGRmAAAOABgACwA5ADcAMAAyADEAMAAzAC4AcABkAGYADwAaAAwATQBhAGMAaQBuAHQAbwBzAGgAIABIAEQAEgA5VXNlcnMvdGhvbWFzbW9oYXVwdC9CaWJsaW90aGVrL0VwcmludHMvaGVwLXRoLzk3MDIxMDMucGRmAAATAAEvAAAVAAIAFP//AAAACAANABoAJABYAAAAAAAAAgEAAAAAAAAABQAAAAAAAAAAAAAAAAAAAcQ=}}

@article{Deser:2019acl,
	Archiveprefix = {arXiv},
	Author = {Deser, S.},
	Date-Added = {2019-02-19 15:44:56 +0000},
	Date-Modified = {2019-02-19 15:45:10 +0000},
	Eprint = {1902.05105},
	Primaryclass = {gr-qc},
	Reportnumber = {BRX TH-6647 CALT-TH 2019-0005 CALT-TH 2019-005},
	Slaccitation = {%%CITATION = ARXIV:1902.05105;%%},
	Title = {{Energy in Gravitation and Noether's Theorems}},
	Year = {2019}}

@article{Cvetic:1995bj,
	Archiveprefix = {arXiv},
	Author = {Cvetic, Mirjam and Tseytlin, Arkady A.},
	Date-Added = {2019-02-19 11:57:45 +0000},
	Date-Modified = {2019-02-19 11:57:56 +0000},
	Doi = {10.1103/PhysRevD.53.5619, 10.1103/PhysRevD.55.3907},
	Eprint = {hep-th/9512031},
	Journal = {Phys. Rev.},
	Note = {[Erratum: Phys. Rev.D55,3907(1997)]},
	Pages = {5619-5633},
	Primaryclass = {hep-th},
	Reportnumber = {IASSNS-HEP-95-102, IMPERIAL-TP-95-96-14},
	Slaccitation = {%%CITATION = HEP-TH/9512031;%%},
	Title = {{Solitonic strings and BPS saturated dyonic black holes}},
	Volume = {D53},
	Year = {1996},
	Bdsk-Url-1 = {https://doi.org/10.1103/PhysRevD.53.5619,%2010.1103/PhysRevD.55.3907}}

@article{Tseytlin:1996bh,
	Archiveprefix = {arXiv},
	Author = {Tseytlin, Arkady A.},
	Date-Added = {2019-02-19 11:21:21 +0000},
	Date-Modified = {2019-02-19 11:21:29 +0000},
	Doi = {10.1016/0550-3213(96)00328-8},
	Eprint = {hep-th/9604035},
	Journal = {Nucl. Phys.},
	Note = {[,286(1996)]},
	Pages = {149-163},
	Primaryclass = {hep-th},
	Reportnumber = {IMPERIAL-TP-95-96-38},
	Slaccitation = {%%CITATION = HEP-TH/9604035;%%},
	Title = {{Harmonic superpositions of M-branes}},
	Volume = {B475},
	Year = {1996},
	Bdsk-Url-1 = {https://doi.org/10.1016/0550-3213(96)00328-8}}

@article{Cornalba:2003kd,
	Archiveprefix = {arXiv},
	Author = {Cornalba, Lorenzo and Costa, Miguel S.},
	Booktitle = {{RTN Winter School on Strings, Supergravity and Gauge Theory Turin, Italy, January 7-11, 2003}},
	Doi = {10.1002/prop.200310123},
	Eprint = {hep-th/0310099},
	Journal = {Fortsch. Phys.},
	Pages = {145-199},
	Primaryclass = {hep-th},
	Slaccitation = {%%CITATION = HEP-TH/0310099;%%},
	Title = {{Time dependent orbifolds and string cosmology}},
	Volume = {52},
	Year = {2004},
	Bdsk-Url-1 = {https://doi.org/10.1002/prop.200310123}}

@article{Dempster:2015,
	Archiveprefix = {arXiv},
	Author = {Dempster, Paul and Errington, David and Mohaupt, Thomas},
	Doi = {10.1007/JHEP05(2015)079},
	Eprint = {1501.07863},
	Journal = {JHEP},
	Pages = {079},
	Primaryclass = {hep-th},
	Reportnumber = {LTH-1033},
	Slaccitation = {%%CITATION = ARXIV:1501.07863;%%},
	Title = {{Nernst branes from special geometry}},
	Volume = {05},
	Year = {2015},
	Bdsk-Url-1 = {https://doi.org/10.1007/JHEP05(2015)079}}

@article{Bena:2011dd,
	Archiveprefix = {arXiv},
	Author = {Bena, Iosif and Giusto, Stefano and Shigemori, Masaki and Warner, Nicholas P.},
	Doi = {10.1007/JHEP03(2012)084},
	Eprint = {1110.2781},
	Journal = {JHEP},
	Pages = {084},
	Primaryclass = {hep-th},
	Slaccitation = {%%CITATION = ARXIV:1110.2781;%%},
	Title = {{Supersymmetric Solutions in Six Dimensions: A Linear Structure}},
	Volume = {03},
	Year = {2012},
	Bdsk-Url-1 = {https://doi.org/10.1007/JHEP03(2012)084}}

@article{Dempster:2016,
	Archiveprefix = {arXiv},
	Author = {Dempster, P. and Errington, D. and Gutowski, J. and Mohaupt, T.},
	Doi = {10.1007/JHEP11(2016)114},
	Eprint = {1609.05062},
	Journal = {JHEP},
	Pages = {114},
	Primaryclass = {hep-th},
	Reportnumber = {LTH-1099, DMUS--MP--16-19},
	Slaccitation = {%%CITATION = ARXIV:1609.05062;%%},
	Title = {{Five-dimensional Nernst branes from special geometry}},
	Volume = {11},
	Year = {2016},
	Bdsk-Url-1 = {https://doi.org/10.1007/JHEP11(2016)114}}

@article{Errington:2014bta,
	Archiveprefix = {arXiv},
	Author = {Errington, David and Mohaupt, Thomas and Vaughan, Owen},
	Doi = {10.1007/JHEP05(2015)052},
	Eprint = {1408.0923},
	Journal = {JHEP},
	Pages = {052},
	Primaryclass = {hep-th},
	Reportnumber = {LTH-1016, ZMP-HH-14-15, ZMP-HH-14-16},
	Slaccitation = {%%CITATION = ARXIV:1408.0923;%%},
	Title = {{Non-extremal black hole solutions from the c-map}},
	Volume = {05},
	Year = {2015},
	Bdsk-Url-1 = {https://doi.org/10.1007/JHEP05(2015)052}}

@article{DHoker:2010onp,
	Archiveprefix = {arXiv},
	Author = {D'Hoker, Eric and Kraus, Per},
	Doi = {10.1088/0264-9381/27/21/215022},
	Eprint = {1006.2573},
	Journal = {Class. Quant. Grav.},
	Pages = {215022},
	Primaryclass = {hep-th},
	Slaccitation = {%%CITATION = ARXIV:1006.2573;%%},
	Title = {{Magnetic Field Induced Quantum Criticality via new Asymptotically AdS_5 Solutions}},
	Volume = {27},
	Year = {2010},
	Bdsk-Url-1 = {https://doi.org/10.1088/0264-9381/27/21/215022}}

@article{Townsend:2001rg,
	Archiveprefix = {arXiv},
	Author = {Townsend, Paul K. and Zamaklar, Marija},
	Doi = {10.1088/0264-9381/18/23/320},
	Eprint = {hep-th/0107228},
	Journal = {Class. Quant. Grav.},
	Pages = {5269-5286},
	Primaryclass = {hep-th},
	Reportnumber = {DAMTP-2001-67},
	Slaccitation = {%%CITATION = HEP-TH/0107228;%%},
	Title = {{The First law of black brane mechanics}},
	Volume = {18},
	Year = {2001},
	Bdsk-Url-1 = {https://doi.org/10.1088/0264-9381/18/23/320}}

@article{Oberslecture,
	Author = {Obers, Niels,},
	Eprint = {http://hep.physics.uoc.gr/Erasmus-IP-2013/files/lectures/obers/Obers-Crete2013.pdf},
	Title = {{Lectures at the 2013 Erasmus IP school in Heraklion Black holes/branes dynamics}},
	Year = {2013}}

@article{Kasner:1921zz,
	Author = {Kasner, Edward},
	Doi = {10.2307/2370192},
	Journal = {Am. J. Math.},
	Pages = {217-221},
	Slaccitation = {%%CITATION = AJMAA,43,217;%%},
	Title = {{Geometrical theorems on Einstein's cosmological equations}},
	Volume = {43},
	Year = {1921},
	Bdsk-Url-1 = {https://doi.org/10.2307/2370192}}

@book{Griffiths:2009dfa,
	Address = {Cambridge},
	Author = {Griffiths, Jerry B. and Podolsky, Jiri},
	Isbn = {9781139481168},
	Publisher = {Cambridge University Press},
	Slaccitation = {%%CITATION = INSPIRE-1235861;%%},
	Title = {{Exact Space-Times in Einstein's General Relativity}},
	Year = {2009}}

@article{Chow:2013gba,
	Archiveprefix = {arXiv},
	Author = {Chow, David D. K. and Comp{\`e}re, Geoffrey},
	Doi = {10.1103/PhysRevD.89.065003},
	Eprint = {1311.1204},
	Journal = {Phys. Rev.},
	Number = {6},
	Pages = {065003},
	Primaryclass = {hep-th},
	Slaccitation = {%%CITATION = ARXIV:1311.1204;%%},
	Title = {{Dyonic AdS black holes in maximal gauged supergravity}},
	Volume = {D89},
	Year = {2014},
	Bdsk-Url-1 = {https://doi.org/10.1103/PhysRevD.89.065003}}

@article{Grojean:2001pv,
	Archiveprefix = {arXiv},
	Author = {Grojean, C. and Quevedo, F. and Tasinato, G. and Zavala, I.},
	Doi = {10.1088/1126-6708/2001/08/005},
	Eprint = {hep-th/0106120},
	Journal = {JHEP},
	Pages = {005},
	Primaryclass = {hep-th},
	Reportnumber = {DAMTP-2001-45, LBNL-48377},
	Slaccitation = {%%CITATION = HEP-TH/0106120;%%},
	Title = {{Branes on charged dilatonic backgrounds: Selftuning, Lorentz violations and cosmology}},
	Volume = {08},
	Year = {2001},
	Bdsk-Url-1 = {https://doi.org/10.1088/1126-6708/2001/08/005}}

@article{Burgess:2002vu,
	Archiveprefix = {arXiv},
	Author = {Burgess, C. P. and Quevedo, F. and Rey, S. J. and Tasinato, G. and Zavala, I.},
	Doi = {10.1088/1126-6708/2002/10/028},
	Eprint = {hep-th/0207104},
	Journal = {JHEP},
	Pages = {028},
	Primaryclass = {hep-th},
	Reportnumber = {DAMTP-2002-87, SNUST-02-0702, MCGILL-02-20},
	Slaccitation = {%%CITATION = HEP-TH/0207104;%%},
	Title = {{Cosmological space-times from negative tension brane backgrounds}},
	Volume = {10},
	Year = {2002},
	Bdsk-Url-1 = {https://doi.org/10.1088/1126-6708/2002/10/028}}

@article{Burgess:2003mk,
	Archiveprefix = {arXiv},
	Author = {Burgess, C. P. and Nunez, Carlos and Quevedo, F. and Tasinato, G. and Zavala, I.},
	Doi = {10.1088/1126-6708/2003/08/056},
	Eprint = {hep-th/0305211},
	Journal = {JHEP},
	Pages = {056},
	Primaryclass = {hep-th},
	Reportnumber = {DAMTP-2003-43},
	Slaccitation = {%%CITATION = HEP-TH/0305211;%%},
	Title = {{General brane geometries from scalar potentials: Gauged supergravities and accelerating universes}},
	Volume = {08},
	Year = {2003},
	Bdsk-Url-1 = {https://doi.org/10.1088/1126-6708/2003/08/056}}

@article{Brown:1992br,
	Archiveprefix = {arXiv},
	Author = {Brown, J. David and York, Jr., James W.},
	Doi = {10.1103/PhysRevD.47.1407},
	Eprint = {gr-qc/9209012},
	Journal = {Phys. Rev.},
	Pages = {1407-1419},
	Primaryclass = {gr-qc},
	Reportnumber = {IFP-423-UNC, TAR-009-UNC},
	Slaccitation = {%%CITATION = GR-QC/9209012;%%},
	Title = {{Quasilocal energy and conserved charges derived from the gravitational action}},
	Volume = {D47},
	Year = {1993},
	Bdsk-Url-1 = {https://doi.org/10.1103/PhysRevD.47.1407}}

@article{Brown:2000dz,
	Archiveprefix = {arXiv},
	Author = {Brown, J. David and Lau, S. R. and York, Jr., James W.},
	Eprint = {gr-qc/0010024},
	Primaryclass = {gr-qc},
	Slaccitation = {%%CITATION = GR-QC/0010024;%%},
	Title = {{Action and energy of the gravitational field}},
	Year = {2000}}

@article{Afshar:2009pi,
	Archiveprefix = {arXiv},
	Author = {Afshar, M. M.},
	Booktitle = {{Strings, Supergravity and Gauge Theories. Proceedings, CERN Winter School, CERN, Geneva, Switzerland, February 9-13 2009}},
	Doi = {10.1088/0264-9381/26/22/225005},
	Eprint = {0903.3982},
	Journal = {Class. Quant. Grav.},
	Pages = {225005},
	Primaryclass = {gr-qc},
	Slaccitation = {%%CITATION = ARXIV:0903.3982;%%},
	Title = {{Quasilocal Energy in FRW Cosmology}},
	Volume = {26},
	Year = {2009},
	Bdsk-Url-1 = {https://doi.org/10.1088/0264-9381/26/22/225005}}
	
@article{Gibbons:1976ue,
      author         = "Gibbons, G. W. and Hawking, S. W.",
      title          = "{Action Integrals and Partition Functions in Quantum
                        Gravity}",
      journal        = "Phys. Rev.",
      volume         = "D15",
      year           = "1977",
      pages          = "2752-2756",
      doi            = "10.1103/PhysRevD.15.2752",
      reportNumber   = "PRINT-76-0995 (CAMBRIDGE)",
      SLACcitation   = "%%CITATION = PHRVA,D15,2752;%%"
}

@article{Gibbons:1977mu,
	Author = {Gibbons, G. W. and Hawking, S. W.},
	Doi = {10.1103/PhysRevD.15.2738},
	Journal = {Phys. Rev.},
	Pages = {2738-2751},
	Slaccitation = {%%CITATION = PHRVA,D15,2738;%%},
	Title = {{Cosmological Event Horizons, Thermodynamics, and Particle Creation}},
	Volume = {D15},
	Year = {1977},
	Bdsk-Url-1 = {https://doi.org/10.1103/PhysRevD.15.2738}}

@misc{Popekk,
	Author = "Pope, Chris,",
	howpublished = "\url{http://people.physics.tamu.edu/pope/ihplec.pdf}",
	Title = "Kaluza Klein Theory",
	year = "2019"
	}
	

@article{Rakhmanov:1993yd,
	Archiveprefix = {arXiv},
	Author = {Rakhmanov, Malik},
	Doi = {10.1103/PhysRevD.50.5155},
	Eprint = {hep-th/9310174},
	Journal = {Phys. Rev.},
	Pages = {5155-5163},
	Primaryclass = {hep-th},
	Reportnumber = {CALT-68-1885},
	Slaccitation = {%%CITATION = HEP-TH/9310174;%%},
	Title = {{Dilaton black holes with electric charge}},
	Volume = {D50},
	Year = {1994},
	Bdsk-Url-1 = {https://doi.org/10.1103/PhysRevD.50.5155}}

@article{Garfinkle:1990qj,
	Author = {Garfinkle, David and Horowitz, Gary T. and Strominger, Andrew},
	Doi = {10.1103/PhysRevD.43.3140, 10.1103/PhysRevD.45.3888},
	Journal = {Phys. Rev.},
	Note = {[Erratum: Phys. Rev.D45,3888(1992)]},
	Pages = {3140},
	Reportnumber = {UCSB-TH-90-66},
	Slaccitation = {%%CITATION = PHRVA,D43,3140;%%},
	Title = {{Charged black holes in string theory}},
	Volume = {D43},
	Year = {1991},
	Bdsk-Url-1 = {https://doi.org/10.1103/PhysRevD.43.3140,%2010.1103/PhysRevD.45.3888}}

@article{Cortes:2009cs,
	Archiveprefix = {arXiv},
	Author = {Cortes, Vicente and Mohaupt, Thomas},
	Doi = {10.1088/1126-6708/2009/07/066},
	Eprint = {0905.2844},
	Journal = {JHEP},
	Pages = {066},
	Primaryclass = {hep-th},
	Reportnumber = {LTH-830},
	Slaccitation = {%%CITATION = ARXIV:0905.2844;%%},
	Title = {{Special Geometry of Euclidean Supersymmetry III: The Local r-map, instantons and black holes}},
	Volume = {07},
	Year = {2009},
	Bdsk-Url-1 = {https://doi.org/10.1088/1126-6708/2009/07/066}}

@article{York1986,
	Abstract = {I address the question: ``What is fixed on the boundary in the action principles of general relativity?'' Four forms of the action are considered: the Einstein action, the Hilbert action, the first order action, and what may be called the cosmological action. The relationships and boundary data of these actions are described geometrically. Formal passage to the ``Euclidean'' forms of these actions is effected in detail.},
	Author = {York, James W.},
	Day = {01},
	Doi = {10.1007/BF01889475},
	Issn = {1572-9516},
	Journal = {Foundations of Physics},
	Month = {Mar},
	Number = {3},
	Pages = {249--257},
	Title = {Boundary terms in the action principles of general relativity},
	Url = {https://doi.org/10.1007/BF01889475},
	Volume = {16},
	Year = {1986},
	Bdsk-Url-1 = {https://doi.org/10.1007/BF01889475}}

@article{Hawking:1995ap,
	Archiveprefix = {arXiv},
	Author = {Hawking, S. W. and Ross, Simon F.},
	Doi = {10.1103/PhysRevD.52.5865},
	Eprint = {hep-th/9504019},
	Journal = {Phys. Rev.},
	Pages = {5865-5876},
	Primaryclass = {hep-th},
	Reportnumber = {DAMTP-R-95-8},
	Slaccitation = {%%CITATION = HEP-TH/9504019;%%},
	Title = {{Duality between electric and magnetic black holes}},
	Volume = {D52},
	Year = {1995},
	Bdsk-Url-1 = {https://doi.org/10.1103/PhysRevD.52.5865}}

@article{Cortes:2015wca,
	Archiveprefix = {arXiv},
	Author = {Cort{\'e}s, Vicente and Dempster, Paul and Mohaupt, Thomas and Vaughan, Owen},
	Doi = {10.1007/JHEP10(2015)066},
	Eprint = {1507.04620},
	Journal = {JHEP},
	Pages = {066},
	Primaryclass = {hep-th},
	Reportnumber = {LTH-1049, ZMP-HH-15-18},
	Slaccitation = {%%CITATION = ARXIV:1507.04620;%%},
	Title = {{Special Geometry of Euclidean Supersymmetry IV: the local c-map}},
	Volume = {10},
	Year = {2015},
	Bdsk-Url-1 = {https://doi.org/10.1007/JHEP10(2015)066}}

@article{Taub:1951,
	Author = {A. H. Taub},
	Issn = {0003486X},
	Journal = {Annals of Mathematics},
	Number = {3},
	Pages = {472--490},
	Publisher = {Annals of Mathematics},
	Title = {Empty Space-Times Admitting a Three Parameter Group of Motions},
	Url = {http://www.jstor.org/stable/1969567},
	Volume = {53},
	Year = {1951},
	Bdsk-Url-1 = {http://www.jstor.org/stable/1969567}}

@article{Gibbons:1977,
	Author = {Gibbons, G. W. and Hawking, S. W.},
	Doi = {10.1103/PhysRevD.15.2752},
	Issue = {10},
	Journal = {Phys. Rev. D},
	Month = {May},
	Numpages = {0},
	Pages = {2752--2756},
	Publisher = {American Physical Society},
	Title = {Action integrals and partition functions in quantum gravity},
	Url = {https://link.aps.org/doi/10.1103/PhysRevD.15.2752},
	Volume = {15},
	Year = {1977},
	Bdsk-Url-1 = {https://link.aps.org/doi/10.1103/PhysRevD.15.2752},
	Bdsk-Url-2 = {https://doi.org/10.1103/PhysRevD.15.2752}}

@article{Chow:2014cca,
	Archiveprefix = {arXiv},
	Author = {Chow, David D. K. and Comp{\`e}re, Geoffrey},
	Doi = {10.1103/PhysRevD.90.025029},
	Eprint = {1404.2602},
	Journal = {Phys. Rev.},
	Number = {2},
	Pages = {025029},
	Primaryclass = {hep-th},
	Slaccitation = {%%CITATION = ARXIV:1404.2602;%%},
	Title = {{Black holes in N=8 supergravity from SO(4,4) hidden symmetries}},
	Volume = {D90},
	Year = {2014},
	Bdsk-Url-1 = {https://doi.org/10.1103/PhysRevD.90.025029}}

@article{Ashtekar:2000hw,
	Archiveprefix = {arXiv},
	Author = {Ashtekar, Abhay and Fairhurst, Stephen and Krishnan, Badri},
	Doi = {10.1103/PhysRevD.62.104025},
	Eprint = {gr-qc/0005083},
	Journal = {Phys. Rev.},
	Pages = {104025},
	Primaryclass = {gr-qc},
	Slaccitation = {%%CITATION = GR-QC/0005083;%%},
	Title = {{Isolated horizons: Hamiltonian evolution and the first law}},
	Volume = {D62},
	Year = {2000},
	Bdsk-Url-1 = {https://doi.org/10.1103/PhysRevD.62.104025}}

@article{Behrndt:1996jn,
	Archiveprefix = {arXiv},
	Author = {Behrndt, Klaus and Lopes Cardoso, Gabriel and de Wit, Bernard and Kallosh, Renata and Lust, Dieter and Mohaupt, Thomas},
	Doi = {10.1016/S0550-3213(97)00028-X},
	Eprint = {hep-th/9610105},
	Journal = {Nucl. Phys.},
	Pages = {236-260},
	Primaryclass = {hep-th},
	Reportnumber = {CERN-TH-96-276, HUB-EP-96-53, SU-ITP-96-41, THU-96-34},
	Slaccitation = {%%CITATION = HEP-TH/9610105;%%},
	Title = {{Classical and quantum N=2 supersymmetric black holes}},
	Volume = {B488},
	Year = {1997},
	Bdsk-Url-1 = {https://doi.org/10.1016/S0550-3213(97)00028-X}}

@article{Mayer:2004sd,
	Archiveprefix = {arXiv},
	Author = {Mayer, Christoph and Mohaupt, Thomas},
	Doi = {10.1088/0264-9381/22/2/010},
	Eprint = {hep-th/0407198},
	Journal = {Class. Quant. Grav.},
	Pages = {379-392},
	Primaryclass = {hep-th},
	Reportnumber = {FSU-TPI-05-04},
	Slaccitation = {%%CITATION = HEP-TH/0407198;%%},
	Title = {{Domain walls, Hitchin's flow equations and G(2)-manifolds}},
	Volume = {22},
	Year = {2005},
	Bdsk-Url-1 = {https://doi.org/10.1088/0264-9381/22/2/010}}

@article{Fre:2008zd,
	Archiveprefix = {arXiv},
	Author = {Fre, Pietro and Rosseel, Jan},
	Eprint = {0805.4339},
	Primaryclass = {hep-th},
	Reportnumber = {DFTT-13-2008},
	Slaccitation = {%%CITATION = ARXIV:0805.4339;%%},
	Title = {{On full-fledged supergravity cosmologies and their Weyl group asymptotics}},
	Year = {2008}}

@article{Gutowski:2003rg,
	Archiveprefix = {arXiv},
	Author = {Gutowski, Jan B. and Martelli, Dario and Reall, Harvey S.},
	Doi = {10.1088/0264-9381/20/23/008},
	Eprint = {hep-th/0306235},
	Journal = {Class. Quant. Grav.},
	Pages = {5049-5078},
	Primaryclass = {hep-th},
	Reportnumber = {QMUL-PH-03-08},
	Slaccitation = {%%CITATION = HEP-TH/0306235;%%},
	Title = {{All Supersymmetric solutions of minimal supergravity in six- dimensions}},
	Volume = {20},
	Year = {2003},
	Bdsk-Url-1 = {https://doi.org/10.1088/0264-9381/20/23/008}}

@article{Cariglia:2004kk,
	Archiveprefix = {arXiv},
	Author = {Cariglia, Marco and Mac Conamhna, Oisin A. P.},
	Doi = {10.1088/0264-9381/21/13/006},
	Eprint = {hep-th/0402055},
	Journal = {Class. Quant. Grav.},
	Pages = {3171-3196},
	Primaryclass = {hep-th},
	Reportnumber = {DAMTP-2003-144},
	Slaccitation = {%%CITATION = HEP-TH/0402055;%%},
	Title = {{The General form of supersymmetric solutions of N=(1,0) U(1) and SU(2) gauged supergravities in six-dimensions}},
	Volume = {21},
	Year = {2004},
	Bdsk-Url-1 = {https://doi.org/10.1088/0264-9381/21/13/006}}

@article{Lam:2018jln,
	Archiveprefix = {arXiv},
	Author = {Het Lam, Huibert and Vandoren, Stefan},
	Doi = {10.1007/JHEP06(2018)021},
	Eprint = {1804.04681},
	Journal = {JHEP},
	Pages = {021},
	Primaryclass = {hep-th},
	Slaccitation = {%%CITATION = ARXIV:1804.04681;%%},
	Title = {{BPS solutions of six-dimensional (1, 0) supergravity coupled to tensor multiplets}},
	Volume = {06},
	Year = {2018},
	Bdsk-Url-1 = {https://doi.org/10.1007/JHEP06(2018)021}}

@article{Akyol:2010iz,
	Archiveprefix = {arXiv},
	Author = {Akyol, Mehmet and Papadopoulos, George},
	Doi = {10.1088/0264-9381/28/10/105001},
	Eprint = {1010.2632},
	Journal = {Class. Quant. Grav.},
	Pages = {105001},
	Primaryclass = {hep-th},
	Slaccitation = {%%CITATION = ARXIV:1010.2632;%%},
	Title = {{Spinorial geometry and Killing spinor equations of 6-D supergravity}},
	Volume = {28},
	Year = {2011},
	Bdsk-Url-1 = {https://doi.org/10.1088/0264-9381/28/10/105001}}

@article{Gibbons:1979zt,
	Author = {Gibbons, G. W. and Hawking, S. W.},
	Doi = {10.1016/0370-2693(78)90478-1},
	Journal = {Phys. Lett.},
	Pages = {430},
	Reportnumber = {Print-79-0042 (CAMBRIDGE)},
	Slaccitation = {%%CITATION = PHLTA,78B,430;%%},
	Title = {{Gravitational Multi - Instantons}},
	Volume = {78B},
	Year = {1978},
	Bdsk-Url-1 = {https://doi.org/10.1016/0370-2693(78)90478-1}}

@article{Gibbons:1987sp,
	Author = {Gibbons, G. W. and Ruback, P. J.},
	Doi = {10.1007/BF01466773},
	Journal = {Commun. Math. Phys.},
	Pages = {267},
	Reportnumber = {LPTENS-87-16},
	Slaccitation = {%%CITATION = CMPHA,115,267;%%},
	Title = {{The Hidden Symmetries of Multicenter Metrics}},
	Volume = {115},
	Year = {1988},
	Bdsk-Url-1 = {https://doi.org/10.1007/BF01466773}}
	
	
	
@article{Gall:2019mfa,
      author         = "Cortés, Vicente and Gall, Louis and Mohaupt, Thomas",
      title          = "{Four-dimensional vector multiplets in arbitrary
                        signature}",
      year           = "2019",
      eprint         = "1907.12067",
      archivePrefix  = "arXiv",
      primaryClass   = "hep-th",
      reportNumber   = "LTH 1210",
      SLACcitation   = "%%CITATION = ARXIV:1907.12067;%%"
}

@article{Gall:2018ogw,
      author         = "Gall, Louis and Mohaupt, Thomas",
      title          = "{Five-dimensional vector multiplets in arbitrary
                        signature}",
      journal        = "JHEP",
      volume         = "09",
      year           = "2018",
      pages          = "053",
      doi            = "10.1007/JHEP09(2018)053",
      eprint         = "1805.06312",
      archivePrefix  = "arXiv",
      primaryClass   = "hep-th",
      reportNumber   = "LTH 1164, LTH-1164",
      SLACcitation   = "%%CITATION = ARXIV:1805.06312;%%"
}

@article{Gutowski:2019iyo,
    author = "Gutowski, J. and Mohaupt, T. and Pope, G.",
    title = "{From static to cosmological solutions of $ \mathcal{N} $ = 2 supergravity}",
    eprint = "1905.09167",
    archivePrefix = "arXiv",
    primaryClass = "hep-th",
    reportNumber = "DMUS-MP-19-08, LTH 1024",
    doi = "10.1007/JHEP08(2019)172",
    journal = "JHEP",
    volume = "08",
    pages = "172",
    year = "2019"
}


@article{Hull:1998ym,
      author         = "Hull, C. M.",
      title          = "{Duality and the signature of space-time}",
      journal        = "JHEP",
      volume         = "11",
      year           = "1998",
      pages          = "017",
      doi            = "10.1088/1126-6708/1998/11/017",
      eprint         = "hep-th/9807127",
      archivePrefix  = "arXiv",
      primaryClass   = "hep-th",
      reportNumber   = "QMW-PH-98-30",
      SLACcitation   = "%%CITATION = HEP-TH/9807127;%%"
}

@article{Taam:2015sia,
      author         = "Bu Taam, Maryam and Sabra, Wafic A.",
      title          = "{Phantom space–times in fake supergravity}",
      journal        = "Phys. Lett.",
      volume         = "B751",
      year           = "2015",
      pages          = "297-301",
      doi            = "10.1016/j.physletb.2015.10.053",
      eprint         = "1507.07721",
      archivePrefix  = "arXiv",
      primaryClass   = "hep-th",
      SLACcitation   = "%%CITATION = ARXIV:1507.07721;%%"
}

@article{Townsend:2007nm,
      author         = "Townsend, Paul K.",
      title          = "{From wave geometry to fake supergravity}",
      booktitle      = "{Proceedings, 5th International Symposium on Quantum
                        theory and symmetries (QTS5): Valladolid, Spain, July
                        22-28, 2007}",
      journal        = "J. Phys.",
      volume         = "A41",
      year           = "2008",
      pages          = "304014",
      doi            = "10.1088/1751-8113/41/30/304014",
      eprint         = "0710.5709",
      archivePrefix  = "arXiv",
      primaryClass   = "hep-th",
      reportNumber   = "DAMTP-2007-99",
      SLACcitation   = "%%CITATION = ARXIV:0710.5709;%%"
}

@article{Guo:2004xg,
      author         = "Guo, Han-Ying and Huang, Chao-Guang and Zhou, Bin",
      title          = "{Temperature at horizon in de Sitter spacetime}",
      journal        = "Europhys. Lett.",
      volume         = "72",
      year           = "2005",
      pages          = "1045-1051",
      doi            = "10.1209/epl/i2005-10327-4",
      eprint         = "hep-th/0404010",
      archivePrefix  = "arXiv",
      primaryClass   = "hep-th",
      SLACcitation   = "%%CITATION = HEP-TH/0404010;%%"
}

@article{Hartnoll:2009sz,
      author         = "Hartnoll, Sean A.",
      title          = "{Lectures on holographic methods for condensed matter
                        physics}",
      booktitle      = "{Strings, Supergravity and Gauge Theories. Proceedings,
                        CERN Winter School, CERN, Geneva, Switzerland, February
                        9-13 2009}",
      journal        = "Class. Quant. Grav.",
      volume         = "26",
      year           = "2009",
      pages          = "224002",
      doi            = "10.1088/0264-9381/26/22/224002",
      eprint         = "0903.3246",
      archivePrefix  = "arXiv",
      primaryClass   = "hep-th",
      SLACcitation   = "%%CITATION = ARXIV:0903.3246;%%"
}

@article{Hayward:1997jp,
      author         = "Hayward, Sean A.",
      title          = "{Unified first law of black hole dynamics and
                        relativistic thermodynamics}",
      journal        = "Class. Quant. Grav.",
      volume         = "15",
      year           = "1998",
      pages          = "3147-3162",
      doi            = "10.1088/0264-9381/15/10/017",
      eprint         = "gr-qc/9710089",
      archivePrefix  = "arXiv",
      primaryClass   = "gr-qc",
      SLACcitation   = "%%CITATION = GR-QC/9710089;%%"
}

@article{Helou:2015zma,
      author         = "Helou, Alexis",
      title          = "{Dynamics of the four kinds of Trapping Horizons and
                        Existence of Hawking Radiation}",
      year           = "2015",
      eprint         = "1505.07371",
      archivePrefix  = "arXiv",
      primaryClass   = "gr-qc",
      SLACcitation   = "%%CITATION = ARXIV:1505.07371;%%"
}

@article{Ramsey:1956,
  title = {Thermodynamics and Statistical Mechanics at Negative Absolute Temperatures},
  author = {Ramsey, Norman F.},
  journal = {Phys. Rev.},
  volume = {103},
  issue = {1},
  pages = {20--28},
  numpages = {0},
  year = {1956},
  month = {Jul},
  publisher = {American Physical Society},
  doi = {10.1103/PhysRev.103.20},
  url = {https://link.aps.org/doi/10.1103/PhysRev.103.20}
}

@article{Kiefer:1998mi,
      author         = "Kiefer, Claus",
      title          = "{Towards a full quantum theory of black holes}",
      booktitle      = "{Black holes: Theory and observation. Proceedings, 179th
                        W.E. Heraeus Seminar, Bad Honnef, Germany, August 18-22,
                        1997}",
      journal        = "Lect. Notes Phys.",
      volume         = "514",
      year           = "1998",
      pages          = "416-450",
      doi            = "10.1007/978-3-540-49535-2_20",
      eprint         = "gr-qc/9803049",
      archivePrefix  = "arXiv",
      primaryClass   = "gr-qc",
      reportNumber   = "FREIBURG-THEP-97-24",
      SLACcitation   = "%%CITATION = GR-QC/9803049;%%"
}
